3879 5551
215 219 270 256 M
301 221 394 262 506

38 283 212 335 Zweites
241 285 522 335 Mittagblatt.

3108 224 3334 276 Mittwoch,

3057 292 3097 332 6.
3129 291 3254 342 April
3281 288 3406 333 1921.

790 146 1230 362 Nene
1306 146 1954 418 Zürcher
2022 146 2634 402 Zeitim

35 492 117 533 Nr.
146 493 217 535 11.

953 467 1283 573 Saison

1595 467 1865 571 Reise
1969 513 2073 521 —
2181 467 2571 571 Verkehr

130 661 357 729 Touristik
393 665 491 716 und
528 663 769 717 Reklame.

90 746 151 778 Ein
190 748 431 787 schweizerischer
461 748 706 787 VerkehrSnumn
743 748 864 787 schreibt

36 788 107 816 uns:

146 827 173 855 8.
197 827 255 859 Die
281 828 472 866 anregenden
497 828 739 867 Ausführungen
765 828 864 867 Ihres

38 866 315 904 Korrespondenten
338 866 368 896 I’.
389 867 418 896 F.
461 868 494 899 in
518 868 573 900 Nr.
598 869 616 899 9
640 868 690 899 der
715 868 864 907 .Saison-

36 905 176 943 Beilage"
204 910 272 938 vom
299 908 343 938 18.
368 906 466 945 März,
492 908 585 946 geben
609 908 668 939 mir
692 908 803 946 Anlaß,
828 915 864 946 zu

37 944 139 982 diesem
166 946 279 984 Thema
325 948 472 986 ebenfalls
518 947 617 984 einige
643 947 802 980 Gedanken
829 955 864 985 zu

37 984 147 1022 äußern
195 987 256 1017 und
304 987 379 1018 bitte
425 987 466 1025 ich
514 987 561 1019 die
586 986 754 1019 Redaktion
781 987 865 1025 höfl.,

38 1025 150 1055 meine»
180 1026 424 1065 Ausführungen
453 1027 523 1065 gefl.
553 1027 723 1065 Aufnahme
752 1034 788 1065 zu
818 1034 865 1065 ge¬

38 1063 167 1103 währen.

72 1104 128 1135 Als
153 1105 335 1144 ehemaliger
361 1106 572 1146 langjähriger
595 1106 787 1145 Angestellter
814 1107 863 1138 der

40 1143 138 1181 Firma
159 1145 256 1182 Thos.
279 1146 360 1177 Cook
380 1154 409 1178 u.
431 1147 512 1183 Son,
533 1146 580 1178 bei
602 1148 653 1179 der
676 1147 717 1184 ich
737 1146 809 1184 mich
831 1146 866 1177 in

40 1183 253 1220 verschiedenen
297 1185 379 1223 ihrer
425 1186 608 1225 zahlreichen
653 1185 791 1224 Filialen
816 1186 864 1216 be¬

40 1223 150 1260 tätigte.
173 1224 254 1261 hatte
279 1225 320 1262 ich
345 1225 551 1263 Gelegenheit,
595 1225 651 1257 mit
676 1226 741 1256 dem
764 1224 865 1263 Reise-

40 1262 184 1293 vublikum
205 1263 239 1294 in
259 1263 388 1295 Kontakt
410 1272 447 1302 zu
467 1265 609 1296 kommen.
632 1264 733 1302 Gleich
753 1264 864 1302 Ihrem

41 1302 198 1337 Einsender
221 1302 303 1340 halte
327 1304 367 1340 ich
391 1309 425 1335 es
449 1304 497 1341 für
522 1304 641 1342 absolut
665 1304 864 1342 auSgeschlos-

41 1342 92 1375 sen,
112 1342 169 1379 daß
190 1342 239 1373 ein
258 1343 480 1381 Unternvhmcn
500 1344 557 1376 wie
576 1344 624 1376 die
641 1343 749 1382 Firma
767 1344 865 1382 Thos.

41 1381 113 1412 Evot
130 1388 159 1412 u.
178 1381 249 1412 Son
271 1383 342 1414 oder
362 1383 411 1415 ein
430 1383 583 1422 ähnliches
602 1387 662 1414 von
681 1383 862 1415 internatio¬

42 1420 119 1451 naler
142 1420 322 1461 Bedeutung
348 1440 382 1445 —
406 1423 455 1454 ein
479 1423 608 1454 anderes
632 1423 709 1454 kann
733 1423 863 1461 ernstlich

44 1460 202 1498 überhaupt
224 1461 302 1500 nicht
325 1462 358 1494 in
379 1462 479 1502 Frage
501 1463 634 1494 kommen
675 1479 710 1484 —
751 1462 778 1500 je
818 1463 864 1494 die

42 1500 259 1540 Verpflichtung
293 1502 439 1540 eingchcn
470 1502 582 1540 würde,
614 1502 660 1534 die
692 1501 862 1540 Interessen

44 1539 140 1577 irgend
161 1539 245 1571 eines
267 1541 398 1578 Landes,
420 1542 453 1573 in
474 1542 610 1579 unserem
632 1541 716 1580 Falle
738 1541 863 1579 diejeni¬

44 1586 95 1616 gen
117 1581 162 1611 der
186 1579 331 1619 Schweiz,
355 1582 397 1613 im
419 1581 584 1619 besonder»
626 1588 662 1620 zu
705 1583 862 1618 vertreten,

47 1620 70 1649 d.
88 1620 111 1657 h.
128 1618 205 1657 mehr
222 1622 384 1658 zugunsten
403 1622 454 1653 der
473 1621 608 1659 Schweiz
628 1628 663 1658 zu
683 1621 792 1653 wirken
811 1622 862 1652 als

40 1659 90 1700 jiit
118 1659 158 1690 die
187 1660 302 1691 andern
331 1661 458 1692 Länder.
507 1661 669 1700 Derartige
718 1661 862 1698 Versuche

51 1700 132 1729 enden
147 1699 248 1730 immer
268 1700 379 1732 wieder
397 1701 452 1733 mit
471 1702 536 1732 dein
554 1701 684 1739 gleichen
701 1700 863 1739 negativen

48 1738 181 1775 Resultat.
223 1739 281 1770 Die
307 1741 577 1779 Wirtschaftlicheit
621 1740 706 1772 eines
749 1740 865 1778 großen

48 1778 236 1816 picisebureau
248 1791 259 1805 -
272 1780 513 1818 Untcrirehmens
547 1780 655 1817 beruht
692 1780 724 1811 in
758 1780 864 1818 hohem

52 1818 136 1854 Matze
154 1818 198 1854 auf
219 1819 269 1849 der
289 1820 489 1859 Möglichkeit,
508 1820 587 1852 allen
605 1819 795 1858 Ansprüchen
812 1821 863 1851 der

60 1856 198 1893 Reisenden
221 1858 406 1897 entsprechen
427 1866 463 1897 zu
486 1859 614 1895 können;
639 1858 715 1898 diese
738 1859 862 1890 wieder¬

51 1902 94 1925 um
116 1895 201 1934 hängt
225 1898 262 1928 ab
290 1902 350 1929 von
376 1899 478 1937 seinen
501 1898 764 1939 internationalen
787 1898 862 1930 Ver¬

42 1934 207 1973 windungen
247 1939 309 1970 tlnd
351 1940 443 1976 guten
473 1938 687 1977 Beziehungen
728 1944 765 1976 zu
806 1938 863 1970 dM

46 1971 426 2016 Transportunternehmen
448 1979 498 2010 der
521 1977 764 2017 verschiedensten
785 1977 863 2009 Län-

38 2008 101 2045 !der:
123 2013 162 2045 im
184 2016 333 2055 weitesten
354 2018 457 2049 Sinne
497 2018 550 2049 des
593 2017 716 2049 Wortes
757 2017 862 2055 bedarf

47 2052 87 2081 fi»
112 2053 218 2093 solches
243 2057 465 2096 Unternehmen
511 2058 561 2089 der
595 2056 864 2095 Unabhängigkeit,

41 2091 90 2127 auf
116 2093 161 2125 die
191 2100 223 2126 cs
255 2095 288 2127 in
317 2097 427 2134 seinem
456 2097 580 2134 eigenen
608 2096 757 2135 Interesse
785 2096 863 2134 nicht

43 2131 195 2167 verzichten
214 2135 299 2166 kann.
320 2137 380 2167 Ein
399 2137 525 2173 seriöses
545 2137 766 2174 Unternehmen
784 2136 862 2167 wird

22 2168 158 2203 Idcsbalb
181 2174 230 2206 nie
253 2176 306 2215 auf
328 2176 627 2209 Sonderabkommen
649 2175 802 2215 eingehen.

2 2247 4 2257 t
25 2213 34 2260 j
92 2210 134 2242 Es
159 2212 191 2250 ist
214 2216 395 2254 zuzugeben,
420 2216 479 2252 daß
504 2216 733 2254 Abmachungen
756 2215 789 2246 in
813 2214 860 2247 be-

2 2254 88 2286 »Mg
112 2253 164 2288 ans
188 2253 414 2293 Vertretungen
438 2257 528 2293 bezw.
551 2256 776 2293 Bevorzugung
802 2258 861 2286 von

25 2286 203 2338 ^»Kressen
223 2295 349 2333 möglich
369 2296 430 2333 sind
451 2296 512 2327 und
532 2295 613 2334 wohl
634 2295 704 2331 auch
723 2295 860 2333 zustande

37 2327 171 2363 kommen.
192 2332 240 2371 In
264 2336 313 2366 der
336 2335 450 2373 Praxis
472 2335 585 2367 können
606 2335 656 2371 sich
676 2334 766 2373 solche
786 2334 861 2366 Ver¬

39 2367 242 2411 einbarungen
273 2374 350 2412 nicht
384 2375 487 2412 halte»,
517 2375 579 2406 und
611 2376 662 2406 der
694 2374 759 2405 eine
792 2373 860 2405 Teil

32 2406 104 2439 ikaun
124 2410 212 2444 dabei
237 2414 406 2452 unmöglich
428 2414 480 2451 auf
501 2414 580 2451 seine
603 2413 764 2452 Rechnung
786 2413 861 2444 kom-

32 2444 104 2484 N'ii.
151 2451 249 2484 Wenn
276 2454 403 2489 deshalb
430 2453 578 2491 zuweilen
604 2454 748 2492 geineldet
774 2452 862 2489 wird,

38 2486 88 2523 datz
114 2489 219 2528 irgend
242 2493 291 2524 ein
312 2493 518 2531 Reiscburcau
559 2493 601 2524 im
625 2492 783 2524 Auslande
806 2492 861 2523 mit

103 2529 292 2571 Vertretung
337 2534 387 2564 der
422 2532 667 2571 schweizerischen
691 2532 862 2570 Interessen

32 2567 150 2600 lrclraut
190 2573 315 2603 worden
354 2572 394 2608 sei
429 2572 481 2609 (ob
501 2573 562 2603 und
582 2572 615 2603 in
637 2571 773 2609 welchem
794 2572 862 2602 Um¬

39 2604 117 2644 fange
140 2609 278 2648 dasselbe
302 2611 401 2650 hiesttr
422 2611 602 2649 entschädigt
625 2611 713 2646 wird,
734 2610 774 2648 sei
798 2610 862 2647 hier

32 2648 105 2682 ?>>clit
129 2649 284 2688 erörtert),
327 2651 357 2688 so
382 2651 460 2682 wird
485 2653 533 2682 der
556 2650 628 2682 Laie
670 2650 721 2688 sich
762 2650 863 2681 davon

34 2682 172 2725 vielleicht
197 2689 331 2722 Wunder
376 2690 570 2728 versprechen,
616 2690 665 2721 der
711 2689 863 2726 Praktiker

44 2725 120 2763 steif;.
144 2731 211 2759 was
235 2736 264 2759 er
291 2731 392 2760 davon
414 2737 450 2766 zu
473 2729 577 2766 halten
600 2729 662 2767 hat.
705 2728 766 2759 Ein
810 2730 864 2766 gut

42 2766 246 2805 rrganisiert«»
279 2769 510 2807 Unternohnlen,
541 2768 599 2800 wie
633 2767 864 2806 beispielsweise

42 2802 130 2836 "keas.
157 2806 237 2838 Cook
261 2815 291 2839 u.
318 2808 389 2839 Son
426 2808 519 2847 leistet
555 2808 666 2846 »msen»
694 2807 865 2845 Interessen

62 2844 139 2881 ebenso
162 2847 230 2883 gute
256 2847 374 2886 Dienste
397 2848 459 2879 rmd
483 2848 533 2885 hat
556 2848 592 2885 sie
616 2847 669 2885 seit
692 2846 864 2884 Jahrzehn¬

60 2881 98 2912 ten
116 2886 180 2919 ohne
201 2887 289 2925 unser
309 2888 414 2926 Zutun
435 2887 574 2925 geleistet,
593 2887 644 2918 als
665 2887 714 2918 ein
736 2887 865 2918 anderes

58 2921 264 2963 llnternehinen,
288 2927 344 2958 das
372 2927 495 2964 offiziell
521 2927 570 2958 als
597 2926 787 2958 Vertreterin
814 2927 864 2957 der

56 2961 279 3004 schweizerischen
303 2966 586 3005 Vcrkehrözcntrale
611 2966 763 3003 auftreten
789 2966 865 3003 darf.

103 3002 173 3037 Aach
193 3006 311 3038 meinen
336 3006 551 3044 Erfahrungen
593 3005 669 3037 kann
692 3005 756 3037 eine
780 3005 865 3036 wirk¬

50 3039 118 3075 same
137 3045 192 3076 und
214 3046 536 3085 erfolgversprechende
557 3045 803 3084 Werbetätigkeit
825 3045 866 3076 im

46 3078 193 3116 Anslanöe
216 3086 378 3124 zugunsten
402 3086 524 3124 unseres
549 3085 668 3117 Landes
693 3092 751 3116 nur
779 3084 866 3122 d»»rch

46 3117 202 3159 Schweizer
228 3124 311 3163 selbst
336 3126 465 3163 gemacht
491 3125 620 3156 werden.
646 3124 729 3156 Alles
755 3125 865 3156 andere

46 3158 75 3193 >st
96 3159 241 3197 Jlickwerk
283 3166 344 3196 und
389 3165 470 3202 sollte
494 3172 552 3195 nur
576 3164 625 3201 für
649 3164 680 3201 so
703 3163 793 3202 lange
817 3171 865 3201 ge¬

47 3198 139 3232 duldet
160 3204 288 3241 werden,
307 3205 357 3235 als
377 3204 434 3235 wir
454 3208 515 3235 uns
533 3205 604 3240 noch
621 3203 698 3240 nicht
717 3210 753 3241 zu
773 3203 864 3239 dieser

45 3236 218 3274 Erkenntnis
243 3244 486 3283 durchgcrungcn
509 3244 569 3275 und
594 3244 649 3275 den
674 3243 785 3280 bessern
809 3243 865 3274 Er¬

46 3276 91 3315 satz
110 3281 257 3319 gefunden
274 3284 381 3320 haben.
399 3284 446 3322 In
466 3283 558 3320 dieser
577 3283 703 3320 Hinsicht
721 3282 805 3320 messe
824 3282 865 3320 ich

46 3316 94 3359 den
167 3321 528 3360 schweizerischen
594 3322 866 3358 AnSkunftS-

33 3357 226 3393 tdureaus
248 3363 289 3394 im
309 3363 469 3395 Anslande
492 3362 539 3394 die
559 3362 665 3400 größte
684 3362 866 3400 Bedeutting

24 3395 85 3430 »bei
124 3402 184 3431 und
225 3402 364 3439 bednure,
407 3403 465 3440 daß
486 3406 520 3434 es
542 3403 597 3434 den
620 3400 866 3440 schlveizcrischen

24 3432 256 3479 lIiiteressenten
298 3443 348 3474 bis
392 3442 453 3480 jetzt
475 3442 551 3480 nicht
573 3442 722 3480 gelungen
743 3441 775 3478 ist
817 3441 865 3471 ein

24 3478 186 3514 MehrercS
228 3490 263 3519 zu
308 3485 371 3514 tun.
414 3482 462 3520 In
502 3482 636 3513 Städten
678 3480 734 3512 wie
778 3480 867 3517 Rom,

24 3514 172 3557 »Madrid,
191 3521 384 3560 Amsterdmn,
405 3521 509 3559 Kairo,
527 3521 657 3553 Buenos
677 3520 777 3557 Aires,
796 3520 866 3551 San

33 3553 206 3592 -Francisco
250 3562 355 3600 sollten
401 3562 459 3593 wir
495 3562 599 3599 unsere
624 3560 866 3599 Werbetätigkeit

47 3596 94 3627 >»it
112 3599 235 3638 eigenen
255 3603 366 3635 Leuten
386 3601 566 3640 aufnehnlcn
584 3601 707 3637 können,
727 3601 786 3632 und
805 3604 865 3630 uns

0 3635 114 3686 Miücht
140 3641 191 3679 auf
217 3642 327 3680 fremde
354 3642 436 3681 Hilfe
463 3641 606 3680 verlassen
632 3640 752 3679 inlissen,
779 3641 866 3672 deren

20 3677 41 3724 F
56 3676 186 3716 uitigkeit
206 3682 264 3713 wir
284 3682 361 3719 nicht
382 3681 494 3714 eimnal
513 3681 725 3713 kontrollieren
744 3680 866 3712 können.

48 3715 217 3758 Ergänzend
257 3729 293 3760 zu
334 3722 432 3761 diesen
452 3721 577 3761 eigenen
596 3721 742 3754 Bureaus
762 3720 868 3759 sollten

901 644 1005 683 unsere
1030 644 1302 683 Gesandtschaften,
1346 644 1519 683 Konsulate,
1550 644 1733 683 Schweizer-

902 683 1021 715 Vereine
1040 683 1114 722 usw.
1155 683 1205 723 sich
1246 690 1299 721 zur
1319 682 1482 716 Mtarbett
1523 686 1585 716 und
1626 685 1733 716 Unter¬

902 724 1030 762 stützung
1050 722 1255 762 herbeilassen.

961 763 1043 802 Erste
1059 763 1198 801 Aufgabe
1217 763 1310 802 dieser
1327 763 1472 796 Bureaus
1488 765 1591 803 müßte
1609 768 1642 796 es
1659 763 1733 802 sein,

902 803 956 842 auf
975 804 1033 834 das
1054 803 1254 842 reisekräftige
1273 802 1437 841 Publikum
1454 805 1507 836 des
1527 804 1733 843 betreffenden

901 842 1022 874 Landes
1044 843 1206 881 zugunsten
1226 844 1276 874 der
1297 843 1431 882 Schweiz
1451 845 1651 883 cinzuwirken
1669 843 1732 874 und

902 883 1051 920 natürlich
1081 883 1150 921 auch
1176 882 1233 914 mit
1261 883 1326 914 dem
1352 884 1594 923 durchreisenden
1621 882 1733 922 Publi-

902 923 966 954 kum
987 922 1133 960 Fühlung
1174 930 1209 960 zu
1230 923 1370 960 nehmen;
1412 924 1502 961 ihnen
1541 924 1644 962 müßte
1685 923 1732 954 die

902 962 1112 1001 Propaganda
1129 962 1163 992 in
1183 960 1279 998 jenem
1298 963 1398 994 Lande
1417 963 1583 1002 überlassen
1602 963 1733 998 werden,

902 1002 1040 1040 wodurch
1085 1002 1262 1039 mancherlei
1308 1002 1474 1042 Fehlgriffe
1521 1002 1733 1035 unterbleiben

902 1042 964 1073 und
987 1041 1098 1074 Gelder
1141 1042 1255 1080 erspart
1297 1042 1430 1080 würden,
1473 1043 1586 1082 welche,
1619 1043 1652 1074 in
1675 1041 1733 1073 Er¬

901 1081 1087 1120 mangelung
1114 1081 1323 1120 zuverlässiger
1348 1082 1544 1122 Aufklärung,
1588 1082 1652 1121 jetzt
1677 1089 1733 1113 un¬

901 1121 964 1159 nütz
986 1121 1179 1160 ausgegeben
1200 1122 1333 1159 werden;
1355 1122 1402 1154 die
1421 1123 1452 1161 so
1473 1124 1636 1162 geretteten
1656 1120 1732 1152 Mit¬

902 1161 942 1192 tel
966 1161 1094 1192 könnten
1118 1160 1395 1200 fruchtbringender
1417 1163 1466 1201 für
1490 1163 1538 1195 die
1561 1162 1732 1201 Schaffung

902 1200 1020 1239 eigener
1041 1201 1266 1239 Vertretungen
1287 1203 1456 1234 verwendet
1476 1203 1605 1234 werden.

961 1241 1019 1272 Die
1038 1239 1183 1279 Ausgabe
1204 1244 1264 1272 von
1283 1240 1561 1281 Fahrscheinheften
1579 1242 1613 1273 in
1632 1241 1732 1279 diesen

901 1280 1047 1311 Bureaus
1087 1280 1168 1318 halte
1199 1280 1239 1319 ich
1258 1281 1334 1318 nicht
1353 1280 1403 1320 für
1422 1281 1620 1320 zweckmäßig,
1660 1278 1731 1312 weil

901 1320 958 1351 mit
985 1321 1041 1352 den
1067 1319 1237 1357 Interessen
1284 1321 1334 1351 der
1380 1321 1604 1359 ReiscbureauS
1651 1319 1732 1351 kolli¬

902 1360 1033 1396 dierend,
1077 1360 1166 1391 deren
1188 1358 1350 1391 Mitarbeit
1393 1361 1451 1392 wir
1475 1362 1545 1399 auch
1569 1361 1602 1393 in
1623 1360 1733 1398 diesem

901 1399 986 1437 Falle
1009 1399 1181 1437 benötigen.
1205 1399 1376 1438 Besonders
1400 1400 1518 1440 wichtig
1541 1400 1591 1439 für
1615 1400 1664 1432 ein
1687 1406 1732 1430 er¬

901 1439 1093 1478 sprießliches
1120 1439 1237 1471 Wirken
1280 1439 1389 1478 solcher
1413 1440 1560 1472 Bureaus
1605 1440 1639 1478 ist
1683 1439 1731 1470 die

900 1479 1080 1517 persönliche
1100 1478 1354 1518 Fühlungnahme
1395 1480 1445 1512 der
1465 1480 1634 1518 Leitungen
1675 1478 1732 1510 mit

902 1519 957 1550 den
983 1518 1239 1557 Reiseagenturen
1284 1520 1346 1551 und
1390 1520 1479 1551 deren
1524 1519 1732 1558 Angestellten.

902 1557 981 1589 Man
996 1559 1064 1596 darf
1082 1558 1159 1596 nicht
1177 1559 1346 1598 übersehen,
1364 1559 1423 1597 daß
1441 1559 1516 1597 diese
1533 1558 1732 1598 Angestellten

902 1597 935 1629 in
958 1599 1013 1629 den
1035 1598 1154 1637 meisten
1177 1598 1282 1636 Fällen
1303 1599 1350 1630 die
1372 1599 1506 1637 Schweiz
1529 1602 1589 1630 aus
1612 1599 1731 1637 eigener

902 1637 1078 1676 Erfahrung
1101 1645 1155 1676 gar
1178 1639 1255 1677 nicht
1277 1638 1387 1670 kennen
1410 1640 1470 1670 und
1494 1638 1622 1676 deshalb
1653 1637 1732 1675 nicht

901 1677 934 1708 in
960 1678 1010 1709 der
1032 1677 1111 1716 Lage
1136 1678 1206 1715 sind,
1250 1678 1375 1715 unseren
1399 1677 1569 1716 Interessen
1594 1677 1731 1714 wirksam

902 1724 938 1755 zu
963 1717 1079 1749 dienen.
1102 1717 1175 1755 Hier
1199 1718 1303 1755 bedarf
1328 1722 1361 1748 es
1387 1718 1436 1749 der
1458 1718 1646 1756 Aufklärung
1669 1717 1731 1748 und

902 1757 1050 1794 zuweilen
1073 1757 1143 1795 auch
1168 1758 1216 1788 der
1240 1758 1424 1795 Belehrrmg,
1467 1757 1514 1789 die
1538 1758 1588 1789 der
1610 1757 1732 1795 persön¬

903 1797 973 1835 liche
997 1798 1134 1835 Umgang
1160 1797 1288 1835 bringen
1313 1797 1398 1828 kann.
1442 1798 1503 1828 Der
1548 1796 1732 1834 Angestellte,

903 1837 953 1868 der
976 1837 1040 1868 dem
1062 1836 1230 1875 Reisenden
1252 1836 1324 1868 über
1345 1836 1553 1874 Reiserouten,
1594 1836 1732 1874 Sehens-

902 1876 1126 1915 Würdigkeiten,
1144 1876 1564 1914 AnfenthaltSmöglichkeiten
1582 1877 1646 1907 und
1663 1877 1732 1906 tau¬

901 1916 969 1954 send
1009 1917 1118 1948 andere
1142 1916 1240 1954 Dinge
1283 1916 1368 1947 eines
1409 1915 1529 1947 Landes
1570 1914 1731 1954 Aufschluß

901 1955 996 1994 gsorn
1015 1957 1078 1994 soll,
1099 1956 1171 1993 muß
1192 1955 1283 1987 darin
1304 1955 1478 1987 bewandert
1498 1955 1573 1993 sein;
1596 1962 1627 1986 er
1648 1954 1732 1993 sollte

902 1996 993 2033 daher
1036 1996 1093 2026 das
1136 1995 1230 2032 Land,
1273 1995 1345 2026 über
1369 1995 1427 2026 das
1449 2003 1480 2026 er
1503 1995 1621 2033 gefragt
1643 1993 1732 2031 wird,

901 2035 1019 2067 kennen.
1064 2035 1122 2067 Die
1147 2035 1384 2073 Veranstaltung
1429 2038 1489 2066 von
1514 2035 1628 2073 großen
1654 2034 1732 2066 Ge¬

900 2075 1307 2113 sellschaftsreisen
1343 2078 1404 2105 aus
1441 2074 1562 2113 einigen
1590 2074 1732 2105 Ländern

901 2115 970 2152 nach
1000 2115 1050 2147 der
1080 2114 1214 2153 Schlveiz
1241 2114 1322 2146 wäre
1350 2114 1415 2146 eine
1444 2114 1564 2146 weitere
1592 2112 1730 2151 Aufgabe

902 2154 993 2192 dieser
1016 2154 1171 2186 V»»reaus.

958 2194 1037 2232 Nach
1061 2193 1179 2225 meinen
1203 2193 1457 2232 Beobachtungen
1489 2193 1564 2224 kann
1599 2192 1640 2230 ich
1672 2192 1731 2224 mir

900 2234 977 2266 denir
1002 2234 1071 2271 auch
1096 2237 1155 2264 aus
1181 2234 1236 2265 den
1261 2233 1492 2272 Abmachungen
1515 2232 1656 2271 zwischen
1680 2232 1731 2263 der

898 2273 926 2305 8.
946 2273 981 2304 v.
1003 2274 1031 2304 L.
1052 2274 1113 2304 und
1132 2273 1365 2311 ausländischen
1386 2272 1661 2311 Verkehrszentren
1681 2271 1732 2310 für

896 2313 944 2344 die
956 2313 1091 2350 Schweiz
1107 2312 1208 2344 keinen
1218 2312 1327 2351 Erfolg
1344 2312 1538 2358 versprechen.
1551 2311 1595 2342 Es
1613 2311 1646 2349 ist
1661 2310 1732 2349 auch

899 2360 953 2388 gar
970 2352 1046 2390 nicht
1062 2359 1097 2389 zu
1114 2353 1274 2386 erwarten,
1291 2352 1351 2388 daß
1369 2349 1418 2382 bei
1432 2351 1491 2382 den
1507 2350 1732 2389 hochgeljenden

898 2392 1014 2429 Wogen
1043 2392 1095 2422 des
1126 2390 1383 2422 Nationalismus
1413 2390 1463 2422 ein
1499 2394 1569 2421 vom
1607 2390 1732 2427 eigenen

897 2430 1011 2462 Staate
1035 2430 1106 2467 stark
1131 2429 1407 2466 subventioniertes
1433 2429 1655 2466 Unternchnien
1682 2429 1733 2466 sich

898 2469 1026 2506 wirklich
1040 2469 1175 2506 ernstlich
1188 2468 1335 2506 bemühen
1349 2469 1429 2505 darf,
1438 2469 1488 2500 die
1498 2468 1671 2506 Interessen
1679 2469 1732 2499 der

898 2508 1089 2545 Konkurrenz
1104 2515 1140 2545 zu
1155 2508 1328 2545 verfechten,
1338 2507 1389 2545 für
1403 2508 1442 2545 sie
1455 2515 1493 2544 zu
1502 2507 1624 2539 werben
1636 2513 1733 2545 gegen

901 2547 946 2578 die
970 2547 1094 2585 eigene»»
1115 2546 1405 2584 LandeSinteresscn.
1447 2546 1596 2584 Praktisch
1616 2546 1733 2578 können

902 2587 959 2617 wir
979 2590 1041 2617 uns
1060 2589 1121 2617 von
1138 2586 1251 2624 solchen
1271 2586 1502 2624 Abmachungen
1516 2585 1596 2617 keine
1617 2586 1733 2623 großen

900 2625 1026 2664 Früchte
1045 2625 1240 2664 versprechen.
1260 2625 1325 2657 Wie
1345 2625 1397 2663 soll
1417 2632 1488 2656 man
1508 2626 1585 2656 denn
1602 2625 1732 2663 plötzlich

902 2666 975 2703 zwei
997 2665 1112 2703 Herren
1154 2665 1206 2703 auf
1228 2664 1340 2697 einmal
1364 2664 1470 2697 dienen
1490 2665 1627 2696 können?
1670 2664 1733 2696 Mit

903 2706 952 2736 der
997 2705 1218 2748 gegenseitigen
1240 2704 1378 2743 Auslage
1421 2705 1483 2737 und
1527 2704 1650 2748 Abgabe
1683 2705 1733 2736 der

901 2744 1145 2783 Werbeschriften
1188 2744 1220 2782 ist
1262 2744 1333 2780 noch
1375 2743 1472 2782 nichts
1514 2741 1644 2781 erreicht.
1688 2743 1733 2775 Es

902 2785 1007 2822 bedarf
1027 2786 1080 2816 des
1101 2783 1302 2822 persönlichen
1323 2783 1491 2821 Einflusses
1513 2784 1565 2820 auf
1585 2784 1641 2815 den
1662 2782 1734 2815 Rei¬

903 2825 1009 2861 senden
1031 2824 1064 2855 in
1088 2825 1143 2856 den
1165 2824 1399 2863 Reisebureaus.
1423 2823 1489 2855 Wie
1511 2824 1582 2854 aber
1605 2823 1658 2860 soll
1680 2823 1734 2861 ihn

904 2865 952 2895 der
976 2864 1102 2896 Beamte
1125 2864 1231 2902 haben,
1254 2866 1341 2894 wenn
1365 2870 1395 2894 er
1420 2863 1467 2894 die
1488 2863 1623 2901 Schweiz
1647 2862 1734 2901 nicht,

905 2905 974 2935 oder
994 2911 1053 2935 nur
1070 2904 1134 2942 sehr
1156 2903 1359 2941 oberflächlich
1376 2902 1485 2934 kennt?
1504 2903 1601 2934 Seine
1621 2902 1733 2934 Kennt¬

903 2943 973 2981 nisse
994 2943 1182 2981 beschränken
1200 2943 1250 2982 sich
1270 2943 1337 2980 doch
1357 2942 1390 2973 in
1410 2942 1459 2974 der
1477 2942 1660 2981 Hauptsache
1681 2942 1734 2980 auf

904 2983 949 3015 die
997 2983 1257 3014 internationalen
1304 2982 1616 3021 DurchgangSroutcn
1670 2982 1733 3013 und

904 3023 1002 3062 einige
1028 3023 1145 3061 wenige
1169 3023 1393 3061 Hauptzentren
1419 3023 1469 3053 der
1493 3021 1637 3060 Schweiz.
1664 3021 1732 3053 Das

905 3063 1010 3102 übrige
1032 3063 1064 3101 ist
1086 3063 1147 3099 ihm
1166 3062 1199 3094 in
1219 3063 1268 3094 der
1289 3062 1382 3101 Regel
1401 3062 1505 3100 fremd.

963 3102 1080 3134 Darum
1103 3102 1247 3140 bedürfen
1269 3102 1326 3133 wir
1346 3101 1456 3134 aktiver
1478 3101 1592 3137 Arbeit,
1612 3101 1732 3140 persön¬

906 3143 991 3180 licher
1013 3143 1167 3180 Werbung
1208 3141 1267 3173 von
1288 3141 1554 3180 Schweizern
1593 3140 1642 3180 für
1685 3140 1732 3172 die

905 3182 1089 3221 Schweiz
1116 3182 1166 3214 im
1193 3182 1279 3214 Aus
1292 3181 1428 3213 lande.

927 3313 1012 3367 die
1037 3312 1309 3378 Verlegung
1346 3312 1426 3365 -er
1453 3310 1708 3378 Sahnlinke

1041 3386 1593 3454 Ziegelbrücke-Veefen.

955 3474 985 3503 G
1010 3475 1034 3506 J.
1076 3474 1122 3508 Ju
1149 3474 1199 3503 9h.
1225 3475 1273 3503 221
1302 3475 1392 3508 dieses
1419 3474 1535 3503 Blattes
1561 3473 1658 3502 wurde
1686 3472 1735 3506 auf

904 3510 948 3538 die
977 3510 1132 3543 dringende
1163 3509 1389 3544 Notwendigkeit
1418 3509 1466 3538 der
1495 3509 1659 3543 Verlegung
1688 3508 1735 3536 der

905 3545 986 3574 Linie
1015 3545 1334 3579 Ziegelbrücke-Weesen
1372 3547 1420 3578 aus
1459 3547 1513 3574 das
1541 3544 1610 3573 linke
1638 3543 1736 3576 Linth-

905 3581 964 3614 ufct
987 3580 1149 3613 verwiesen,
1171 3581 1337 3615 »voraus»)!»
1361 3581 1423 3610 dem
1446 3580 1587 3614 Verfasser
1610 3580 1661 3608 des
1684 3579 1736 3608 Ar¬

906 3615 984 3644 tikels
1019 3616 1079 3645 eine
1113 3616 1225 3651 Anzahl
1261 3616 1434 3651 Zusäiristen
1471 3616 1665 3650 zugekommcn
1699 3614 1736 3647 ist,

905 3651 1001 3685 »velchc
1037 3650 1304 3685 übereinstimmend
1341 3652 1385 3682 die
1422 3651 1535 3686 baldige
1570 3650 1737 3684 Jnangriss-

905 3686 1007 3724 nahine
1028 3687 1075 3715 der
1097 3687 1262 3722 Verlegung
1285 3687 1409 3719 fordern,
1430 3687 1513 3720 durch
1533 3686 1629 3720 »velchc
1652 3685 1738 3719 Maß¬

904 3724 1006 3758 nahme
1046 3722 1131 3751 allein
1174 3729 1235 3751 eine
1276 3722 1437 3758 gritndliche
1480 3722 1650 3757 Saniernng
1691 3721 1737 3749 der

1766 642 2114 679 Eisenbahnverhältntsse
2143 645 2184 674 im
2212 644 2338 673 Glarner
2365 643 2526 673 Unterland
2554 643 2600 676 ffii

1769 677 1822 706 alle
1844 678 1943 712 Zeiten
1965 679 2061 713 erzielt
2081 679 2164 708 wird.

1820 713 1915 748 Gegen
1938 715 2019 744 einen
2043 715 2169 744 Ausbau
2191 715 2239 743 der
2261 715 2384 744 Station
2408 713 2600 748 Ziegelbrücke

1767 748 1891 783 sprechen
1914 749 2043 784 folgende
2066 750 2254 784 Argumente:
2296 750 2351 779 Bei
2377 751 2439 778 den»
2463 750 2529 783 stets
2554 755 2601 783 zu-

1769 784 1942 818 uehlnendcn
1965 785 2085 820 Verkehr
2106 785 2263 820 gegenüber
2284 785 2332 819 hat
2353 785 2400 819 sich
2422 785 2468 813 die
2488 784 2600 819 Anlage

1767 819 1816 847 der
1845 819 1966 849 Station
1994 820 2186 855 Ziegelbrücke
2224 820 2300 855 schon
2330 820 2421 854 längst
2450 820 2498 848 als
2529 826 2600 854 ganz

1768 854 1956 889 ungenügend
1988 856 2047 884 und
2088 857 2224 890 geradezu
2266 855 2417 890 gefährlich
2458 854 2600 888 erwiesen.

1769 890 1838 919 Drei
1860 890 1908 918 bis
1930 891 1990 920 vier
2010 890 2090 926 Züge
2111 892 2213 926 Hessen
2234 892 2298 920 dort
2319 890 2420 925 täglich
2439 889 2600 924 »nehrnrals

1768 924 1936 959 zusarmnen,
1959 926 1988 960 so
2010 927 2065 961 dast
2089 928 2121 955 es
2142 926 2210 962 recht
2232 926 2373 961 schwierig
2396 926 2436 960 ist,
2460 925 2600 960 dieselben

1768 961 1818 994 auf
1840 961 1903 990 dem
1924 961 2034 996 äußerst
2056 962 2242 996 beschränkten
2265 962 2379 991 Raume
2401 960 2448 995 für
2472 960 2517 989 die
2539 966 2601 988 nm-

1767 995 1781 1060 !
1781 995 1922 1030 leigenden
1952 995 2111 1029 Reisenden
2149 997 2179 1025 in
2216 997 2374 1031 geeigneter
2403 997 2462 1024 und
2492 995 2601 1030 gefahr-

1781 1031 1840 1065 oser
1861 1031 1950 1065 Weise
1971 1032 2159 1067 auszustellen,
2180 1033 2215 1061 da
2236 1032 2310 1061 keine
2331 1031 2600 1067 Zwischenverrons

1768 1066 1934 1100 vorhanden
1961 1067 2028 1101 sind.
2071 1067 2151 1102 Nicht
2175 1068 2233 1096 viel
2259 1067 2344 1103 besser
2372 1067 2430 1101 sind
2458 1067 2502 1095 die
2530 1066 2602 1095 Ver¬

1768 1100 1898 1136 hältnisse
1917 1102 1966 1131 der
1983 1102 2105 1132 Station
2122 1101 2245 1137 Weesen.
2280 1103 2339 1132 Ein
2358 1101 2523 1130 rationeller
2541 1102 2600 1129 und

1768 1137 1830 1166 deni
1851 1137 1973 1171 konstant
1992 1138 2094 1172 größer
2115 1138 2283 1167 werdenden
2304 1137 2427 1172 Verkehr
2448 1137 2600 1166 dienender

1767 1172 1883 1200 Umbau
1908 1172 1955 1201 der
1980 1173 2101 1202 Station
2127 1173 2319 1209 Ziegelbrücke
2345 1173 2377 1208 ist
2402 1172 2469 1206 nach
2493 1172 2600 1207 Ansicht

1768 1206 1853 1241 bester
1892 1206 2038 1243 Fachleute
2077 1211 2174 1243 wegen
2214 1209 2265 1237 des
2303 1208 2492 1250 beschränkten
2521 1208 2601 1237 Aus-

1767 1242 2023 1277 steckringsraumes
2052 1243 2181 1278 zwischen
2209 1244 2261 1273 den
2290 1238 2390 1272 beiden
2419 1242 2599 1277 bestehenden

1768 1278 2172 1313 Staatsstraßenübergängen
2207 1279 2265 1308 und
2292 1279 2345 1307 den
2373 1278 2474 1307 beiden
2502 1278 2601 1312 Linth-

1768 1312 1879 1341 brücken
1904 1321 1964 1342 rein
1989 1314 2157 1348 unmöglich.
2181 1314 2239 1348 Auf
2263 1314 2403 1348 dieselben
2429 1313 2600 1348 Schwierig¬

1766 1348 1853 1377 keiten
1871 1349 1940 1384 stößt
1958 1349 2003 1378 ein
2021 1349 2147 1378 Ausbau
2164 1349 2212 1378 der
2230 1350 2352 1379 Station
2370 1348 2484 1383 Weesen
2501 1352 2599 1383 wegen

1767 1384 1819 1412 des
1856 1384 1928 1417 nahe
1965 1384 2113 1419 liegenden
2142 1384 2376 1420 Staatsstraßen-
2412 1384 2470 1412 und
2502 1384 2600 1417 Linth-

1767 1418 2039 1455 kanalüberganges,
2066 1420 2125 1448 >md
2152 1420 2309 1455 anderseits
2337 1424 2434 1454 wegen
2462 1419 2511 1449 der
2537 1418 2600 1448 klei¬

1768 1460 1854 1482 neren
1878 1453 1981 1488 Kurve,
2006 1455 2035 1483 in
2060 1454 2173 1490 welcher
2193 1455 2244 1496 sich
2267 1456 2311 1484 die
2335 1455 2459 1485 Station
2484 1454 2598 1488 Weesen

1768 1489 1900 1523 befindet.
1942 1490 2033 1522 Durch
2058 1490 2111 1519 den
2135 1491 2250 1519 Umbau
2276 1491 2324 1519 der
2350 1490 2432 1519 einen
2458 1490 2525 1519 oder
2550 1490 2599 1519 der

1767 1524 1884 1558 andern,
1918 1525 1984 1554 oder
2018 1526 2083 1560 auch
2116 1526 2210 1555 beider
2244 1526 2402 1556 Stationen
2436 1524 2598 1560 zusammen

1767 1559 1866 1588 würde
1894 1561 1987 1589 weder
2014 1560 2061 1589 der
2088 1561 2311 1590 internationale
2340 1560 2507 1595 Linienzug,
2533 1560 2598 1595 noch

1767 1595 1815 1623 der
1838 1596 1955 1625 Betrieb
1978 1596 2043 1638 nach
2064 1596 2126 1626 dem
2149 1596 2344 1626 Glarnerland
2368 1596 2516 1630 verbessert
2539 1596 2597 1624 und

1766 1630 1942 1665 vereinfacht,
1979 1624 2099 1664 sondern
2136 1632 2227 1666 einzig
2256 1632 2316 1660 und
2345 1631 2431 1660 allein
2458 1638 2515 1660 nur
2542 1631 2597 1659 das

1766 1665 1925 1699 Nmsteigen
1941 1666 1989 1694 der
2004 1665 2163 1699 Reisenden
2180 1666 2314 1701 gesichert;
2333 1666 2378 1695 die
2394 1666 2597 1700 vorhandenen

1767 1700 1839 1735 sechs
1875 1700 2386 1737 Staatsstraßcn-Niveauüberaänge
2421 1701 2509 1730 neben
2545 1701 2598 1729 den

1766 1736 1860 1765 vielen
1886 1736 2087 1771 Gütcrstraßen
2115 1738 2172 1766 und
2200 1736 2598 1772 Wege-Niveauiibergängen

1768 1771 1886 1800 würden
1909 1772 2032 1807 bestehen
2056 1772 2176 1807 bleiben,
2198 1773 2252 1801 wie
2273 1772 2340 1807 auch
2361 1772 2407 1801 die
2430 1772 2529 1805 Heiden
2553 1772 2597 1800 die

1767 1806 1925 1841 Schisfahrt
1967 1807 2142 1842 hindernden
2187 1806 2387 1842 Bahnbrücken
2432 1806 2500 1837 über
2545 1807 2597 1836 den

1767 1836 1937 1876 Linthkanal
1959 1842 2002 1871 bei
2027 1842 2226 1877 Ziegelbrücke.

1819 1880 1863 1909 Es
1882 1881 1950 1916 liegt
1969 1880 2027 1914 also
2046 1881 2155 1916 sowohl
2173 1881 2214 1910 im
2233 1881 2374 1916 Interesse
2394 1881 2443 1910 der
2461 1881 2598 1911 Bundes-

1768 1915 1889 1950 bahnen,
1913 1916 1960 1945 als
1984 1917 2050 1950 auch
2071 1917 2119 1945 der
2143 1916 2305 1951 beteiligten
2328 1916 2597 1951 Landesgegenden,

1767 1951 2026 1986 beziehungsweise
2045 1952 2130 1980 derei»
2148 1952 2357 1987 Regierungen,
2378 1951 2433 1986 daß
2449 1950 2496 1981 die
2516 1952 2597 1981 Bau-

1768 1987 1825 2015 und
1866 1986 2184 2020 Betriebsverhältnisse
2224 1987 2271 2016 der
2311 1987 2414 2016 Linien
2455 1986 2598 2016 Tbalwil-

1766 2021 1916 2056 SarganS.
1968 2016 2230 2056 Uznach-Sargans
2282 2022 2340 2051 und
2394 2022 2597 2057 Ziegelbrücke-

1767 2057 1882 2085 Glarus
1907 2056 1990 2090 durch
2014 2057 2059 2085 die
2085 2057 2224 2091 gänzliche
2250 2057 2413 2091 Verlegung
2440 2058 2488 2086 der
2514 2057 2596 2087 Linie

1767 2092 1997 2126 Bilten-Wecsen
2024 2093 2073 2125 aus
2099 2093 2154 2121 das
2181 2092 2250 2121 linke
2277 2086 2425 2126 Linthufcr
2450 2092 2597 2126 verbessert

1767 2128 1890 2160 werden,
1928 2130 2011 2156 unter
2040 2127 2151 2162 Anlage
2191 2127 2267 2156 einer
2306 2127 2411 2162 großen
2450 2128 2598 2162 Abzweig-

1767 2162 2027 2197 beziehnngsweise
2053 2162 2300 2197 Umschlagstation
2334 2163 2398 2196 nach
2424 2163 2486 2191 den»
2511 2163 2597 2192 Glar¬

1767 2197 1888 2226 nerland
1911 2198 1954 2227 bei
1979 2198 2179 2227 Nicderurnen
2202 2201 2284 2227 unter
2307 2198 2518 2232 Beibehaltung
2542 2205 2597 2226 nur

1768 2233 1844 2262 einer
1869 2232 2152 2266 Verbindungslinie
2175 2237 2232 2261 von
2255 2233 2342 2267 dieser
2364 2239 2454 2262 neuen
2477 2233 2596 2263 Station

1767 2268 1834 2299 nach
1859 2268 2094 2303 NäfelS-Mollis.

1820 2307 1875 2337 Die
1913 2307 2107 2342 gegenwärttg
2143 2308 2182 2337 im
2219 2307 2286 2336 Bau
2323 2307 2485 2341 befindliche
2523 2308 2599 2341 Dop¬

1767 2341 1880 2377 pelspur
1902 2342 1950 2372 der
1973 2342 2164 2378 linksuftigen
2189 2342 2410 2377 Zürichseebahn
2435 2342 2526 2376 erhält
2550 2343 2599 2384 erst

1768 2378 1836 2420 recht
1857 2377 1902 2407 die
1922 2377 1994 2407 volle
2012 2378 2194 2413 Bedeutung,
2215 2382 2299 2407 wenn
2319 2378 2365 2407 die
2386 2377 2468 2407 Linie
2489 2377 2599 2412 Ziegel¬

1768 2412 1987 2447 brücke-Weesen
2015 2413 2122 2447 verlegt
2150 2414 2209 2442 und
2238 2414 2281 2442 bei
2311 2413 2510 2442 Niederunren
2539 2412 2599 2442 eine

1767 2449 1820 2477 den
1847 2449 1966 2483 höchsten
1991 2448 2302 2483 Verkehrsansprüchen
2327 2448 2446 2483 Genüge
2471 2446 2600 2481 leistende

1768 2483 2010 2518 Bahnhofanlage
2027 2484 2081 2514 mit
2099 2484 2214 2513 direkter
2231 2484 2430 2518 Abzweigung
2447 2484 2497 2512 ins
2515 2482 2602 2513 Glar-

1768 2519 1889 2548 nerland
1920 2519 2065 2554 erstanden
2096 2520 2135 2554 ist.
2175 2519 2230 2549 Die
2260 2519 2327 2554 stark
2357 2518 2484 2553 belastete
2515 2518 2602 2547 inter¬

1768 2554 1916 2583 nationale
1944 2554 2027 2584 Linie
2055 2554 2420 2589 Zürtch-Sargans-Duchs
2460 2554 2519 2582 und
2557 2554 2601 2583 die

1768 2589 1978 2624 Einmündung
1996 2590 2046 2619 der
2064 2589 2146 2619 Linie
2164 2588 2603 2625 Zürtch-Ropperswil-Uznach-

1770 2625 1996 2654 Rickeir-Glarus
2035 2625 2126 2659 stellen
2164 2633 2200 2653 an
2238 2626 2290 2654 den
2328 2624 2602 2659 Bahnknorcnpunkt

1768 2659 1960 2695 Ziegelbrücke
1984 2660 2105 2694 wirtlich
2128 2661 2214 2695 große
2239 2660 2399 2695 Ausgaben,
2424 2659 2532 2694 speziell
2557 2659 2600 2689 bei

1769 2696 1861 2725 einem
1886 2695 1976 2729 später
2000 2695 2047 2730 sich
2071 2696 2175 2725 wieder
2201 2696 2373 2731 steigernden
2399 2695 2527 2730 Verkehr.

1821 2734 1960 2768 Rachdein
1981 2734 2025 2763 die
2048 2740 2082 2768 zu
2105 2734 2289 2767 sanierenden
2312 2733 2602 2768 Eisenbahnverhält-

1770 2769 1837 2804 ntfle
1856 2769 1896 2799 im
1914 2770 2041 2799 Glarner
2061 2769 2220 2799 Unterland
2240 2769 2310 2798 nickt
2329 2776 2385 2798 nur
2403 2769 2514 2803 örtliche
2535 2769 2601 2803 sind,

1770 2804 1889 2836 sondcn,
1909 2806 1975 2834 »veit
1995 2805 2064 2834 über
2083 2805 2127 2834 die
2148 2805 2278 2838 Grenzen
2298 2805 2349 2833 des
2368 2804 2601 2834 Glarnerlandes

1770 2839 1978 2874 btnauSgehci»,
2004 2840 2063 2874 also
2090 2840 2193 2869 andere
2221 2841 2359 2873 Kantone,
2386 2840 2415 2874 so
2441 2839 2602 2873 hauptsäch¬

1770 2875 1820 2911 lich
1846 2876 1912 2910 stark
1938 2876 1990 2904 den
2020 2875 2135 2909 Kanton
2162 2875 2305 2909 Zürich,
2332 2876 2386 2904 das
2415 2875 2463 2905 St.
2491 2875 2601 2904 Galler-

1769 2910 1919 2940 Oberland
1940 2911 1999 2939 und
2022 2911 2074 2939 den
2097 2910 2212 2940 Kanton
2234 2910 2433 2940 Graubünden
2456 2910 2600 2944 betreffen,

1769 2946 1797 2978 so
1820 2945 1916 2980 sollten
1940 2946 1984 2974 die
2009 2946 2187 2980 zuständigen
2212 2945 2536 2980 Kantonsregierungen
2561 2945 2601 2979 so¬

1769 2981 1836 3009 bald
1855 2981 1910 3009 wie
1927 2981 2045 3015 möglich
2065 2980 2110 3014 für
2129 2981 2174 3010 die
2194 2980 2287 3015 einzig
2304 2981 2415 3015 richtige
2433 2980 2601 3015 Verlegung

1768 3017 1816 3044 der
1833 3015 1916 3045 Linie
1933 3016 2251 3050 Zicaelbrückc-Wccsen
2270 3017 2319 3050 auf
2338 3016 2393 3044 das
2412 3016 2482 3044 linke
2501 3015 2600 3049 Linth-

1768 3052 1830 3085 User
1849 3051 1892 3080 bei
1913 3051 1965 3079 den
1986 3050 2224 3085 Bundesbahnen
2246 3051 2386 3086 vorstellig
2405 3052 2518 3079 »vcrdcn
2540 3051 2598 3079 und

1767 3085 1814 3120 sich
1831 3085 1901 3120 nicht
1918 3086 1997 3119 mehr
2016 3087 2066 3120 auf
2084 3087 2136 3115 den
2154 3086 2226 3115 total
2242 3086 2500 3121 unzweckmäßigen
2520 3086 2599 3117 Aus¬

1768 3121 1823 3149 bau
1861 3122 1908 3150 der
1944 3121 2055 3155 jetzige»
2084 3121 2241 3150 Stationen
2268 3122 2421 3155 versteifen.
2466 3121 2535 3155 Hier
2561 3121 2598 3154 sei

1766 3156 1832 3186 auch
1862 3156 1986 3190 bcrnerkt,
2015 3156 2070 3190 daß
2097 3157 2142 3185 die
2170 3159 2219 3192 gut
2247 3156 2379 3190 beschickte
2407 3156 2600 3191 Delegicrte»»-

1766 3188 1979 3226 versammlung
1997 3192 2049 3220 des
2069 3192 2327 3221 Verkchrsvereins
2345 3191 2391 3226 für
2410 3192 2461 3221 den
2483 3192 2599 3221 Kanton

1767 3227 1881 3256 Glarus
1905 3231 1971 3256 vom
1994 3229 2034 3255 19.
2057 3227 2144 3262 März
2170 3228 2235 3256 1921
2261 3227 2437 3261 neuerdings
2463 3226 2599 3261 Stellung

1768 3262 1856 3295 nahin
1881 3269 1929 3296 zur
1954 3262 2151 3297 Dreiecksragc.
2177 3262 2273 3292 indem
2297 3262 2330 3297 sic
2357 3261 2430 3291 allen
2456 3262 2599 3296 Schritten

1767 3297 1819 3326 des
1847 3297 2023 3333 Vorstandes
2053 3297 2112 3329 ihre
2142 3297 2342 3333 Zustimmung
2372 3298 2434 3332 gab,
2464 3297 2508 3327 die
2539 3298 2600 3327 eine

1768 3332 1933 3367 Verlegung
1958 3333 2005 3361 der
2027 3333 2109 3363 Linie
2132 3334 2181 3374 auf
2205 3334 2259 3362 das
2283 3333 2353 3362 linke
2377 3332 2527 3366 Linthuscr
2552 3340 2602 3361 an»

1769 3368 1884 3402 streben,
1918 3368 1953 3396 da
1988 3375 2044 3397 nur
2078 3368 2127 3401 aus
2152 3367 2255 3401 diesem
2281 3367 2365 3401 Wege
2393 3368 2454 3397 eine
2481 3369 2530 3401 aus
2557 3367 2601 3397 die

1769 3403 1868 3433 Dauer
1891 3403 2099 3438 befriedigende
2123 3403 2237 3446 Lösung
2260 3403 2307 3438 sich
2329 3403 2449 3438 erzielen
2473 3403 2547 3437 lasse.
2569 3419 2603 3424 —

1769 3438 1844 3480 Auch
1882 3442 1965 3468 wenn
2003 3439 2109 3468 einmal
2148 3439 2192 3468 die
2222 3439 2388 3473 Verlegung
2427 3438 2602 3473 beschlossene

1770 3468 1859 3508 Sache
1887 3474 1972 3507 wäre,
2006 3473 2034 3508 so
2061 3473 2179 3503 würden
2208 3474 2256 3505 bis
2284 3481 2333 3509 zur
2361 3474 2527 3508 Erösfulmg
2555 3474 2603 3503 der

1771 3509 1939 3544 Neuanlage
1965 3508 2089 3543 ohnehin
2112 3509 2178 3543 noch
2201 3509 2262 3539 eine
2286 3508 2399 3544 Anzahl
2423 3509 2518 3543 Jahre
2543 3512 2604 3538 ver¬

1771 3544 1905 3579 streichen.
1931 3560 1965 3566 —
1991 3544 2088 3579 Gegen
2117 3545 2161 3574 die
2189 3545 2295 3574 bereits
2323 3545 2489 3578 erwähnten
2518 3544 2605 3576 Nach-

1771 3579 1835 3609 teile
1861 3581 1912 3609 deS
1937 3580 2085 3609 Umbaues
2109 3580 2156 3609 der
2180 3580 2303 3610 Station
2329 3579 2520 3615 Ziegelbrücke
2545 3580 2604 3615 sind

1771 3615 1815 3644 die
1836 3615 1986 3650 folgenden
2006 3615 2111 3651 großen
2130 3615 2258 3645 Vorteile
2277 3616 2324 3645 der
2344 3615 2605 3650 Linienvcrlcgung

1773 3644 1964 3685 anzuführen:
1986 3651 2107 3686 Wegfall
2128 3651 2179 3679 des
2201 3651 2246 3684 für
2267 3652 2319 3680 den
2340 3650 2458 3681 Betrieb
2480 3651 2540 3680 und
2561 3651 2606 3680 die

1773 3685 1932 3719 Reisenden
1956 3686 2072 3722 lästigen
2096 3686 2236 3720 Dreiecks;
2262 3686 2333 3715 klare
2357 3686 2524 3720 Fahrpläne
2548 3687 2606 3715 und

1772 3721 1959 3757 Beseitigung
1979 3722 2028 3751 der
2048 3722 2147 3755 bisher
2168 3721 2423 3756 unvcrnteidlichcn
2444 3721 2607 3756 Fahrplan¬

2637 643 2877 684 schwierigkeiten;
2908 646 3028 682 Wegfall
3057 650 3157 681 zweier
3188 648 3387 683 Linchbrücken
3417 647 3464 683 für

2636 679 2680 707 die
2707 679 2789 709 Linie
2817 680 3023 717 Zürich-Chur;
3059 684 3245 722 Beseitigung
3272 685 3320 714 der
3348 682 3464 713 unaün-

2637 714 2722 747 stlgen
2748 715 2807 743 und
2841 712 3020 751 gefährlichen
3047 719 3466 754 Linienttümmungsverhält-

2636 749 2716 783 nisse;
2754 750 2900 779 rationelle
2928 744 3150 789 Vcreinsachung
3186 755 3233 784 der
3260 755 3463 789 Anschlußver-

2636 782 2766 820 hältnisse
2795 786 2859 815 nach
2886 788 2949 815 dem
2976 788 3185 824 Glarnerland;
3212 790 3332 825 Wegfall
3360 791 3462 825 zweier

2636 819 3030 857 Siaatsstraßenübcrgänge;
3053 824 3210 858 Ersparnis
3231 825 3306 855 beim
3325 826 3463 854 kommen¬

2636 855 2690 884 den
2709 855 2777 885 Bau
2797 857 2845 885 der
2866 857 3042 892 Doppelspur
3063 860 3120 888 und
3141 860 3361 894 Elektrisikation
3382 861 3462 894 durch

2635 890 2680 919 d»c
2702 891 2801 925 gerade
2821 891 3059 928 Linienführung,
3079 894 3122 923 die
3143 895 3295 930 gleichfalls
3313 896 3379 930 auch
3399 897 3460 925 eine

2635 925 2794 960 Ersparnis
2812 933 2850 955 an
2867 926 3078 961 Heizmaterial,
3096 930 3352 968 beziehungsweise
3370 931 3462 965 später

2636 968 2672 988 an
2693 961 2855 996 elektrischer
2876 958 2998 997 Energie
3017 962 3106 1002 sichert
3126 966 3184 994 und
3204 966 3247 994 bc»
3268 966 3461 1001 Ausführung

2636 996 2687 1024 des
2731 996 2984 1031 Weiherprojektes
3026 999 3177 1033 gänzlicher
3220 1000 3338 1036 Wegfall
3382 1002 3462 1031 eines

2634 1031 2816 1066 Bahnhofes.

2692 1068 2757 1097 Und
2787 1076 2847 1098 nun
2878 1070 2952 1104 fragt
2982 1071 3013 1098 es
3043 1070 3090 1104 sich
3119 1072 3215 1100 weiter
3246 1073 3287 1101 bei
3319 1074 3366 1102 der
3397 1074 3467 1103 Ver¬

2636 1103 2750 1138 legung,
2771 1104 2887 1138 welches
2910 1108 2967 1133 von
2990 1105 3089 1134 beiven
3111 1107 3258 1141 Projekten
3279 1109 3386 1143 sowohl
3409 1110 3462 1138 den

2636 1139 2883 1174 Bundesbahnen,
2902 1140 2948 1169 als
2966 1141 3034 1175 auch
3050 1141 3103 1170 den
3119 1142 3317 1177 interessierten
3333 1143 3463 1175 Landes-

2636 1174 2721 1203 teilcn
2740 1181 2787 1204 am
2805 1175 2895 1210 besten
2914 1175 3067 1210 entspricht,
3086 1177 3122 1205 ob
3140 1177 3195 1206 das
3211 1178 3305 1207 Weid-
3323 1181 3389 1208 oder
3407 1180 3462 1208 das

2637 1209 2865 1245 Weiherprojekt.
2911 1206 3127 1250 Bahntechnisch
3166 1213 3281 1247 gebührt
3308 1215 3357 1248 aus
3386 1214 3466 1248 jeden

2640 1244 2705 1278 Fall
2730 1245 2794 1275 dem
2815 1245 3090 1281 Weidprojekt
3114 1253 3161 1275 ver
3186 1248 3308 1282 Vorzug,
3333 1249 3376 1278 bei
3401 1249 3468 1278 wel¬

2640 1280 2711 1315 chem
2731 1281 2776 1309 die
2797 1280 2997 1315 Hauptstalion
3019 1281 3211 1317 Ziegelbrücke
3234 1283 3263 1311 in
3285 1284 3329 1312 die
3352 1284 3465 1318 „Weid"

2640 1316 2779 1350 ungefähr
2803 1323 2841 1345 an
2864 1316 2908 1345 die
2934 1316 3042 1350 Straße
3068 1317 3467 1353 Riederurnen-Zicgelbrücke

2636 1357 2670 1384 zu
2694 1351 2786 1385 liegen
2809 1351 2892 1380 känie.
2933 1352 2988 1381 Die
3012 1352 3095 1381 Linie
3117 1356 3173 1381 von
3198 1353 3297 1382 Biltcn
3320 1355 3367 1388 her
3389 1357 3463 1384 wird

2639 1386 2755 1421 westlich
2781 1390 2837 1415 von
2862 1386 3054 1421 Ziegelbrücke
3079 1387 3149 1416 über
3172 1388 3216 1417 die
3242 1389 3383 1418 Allmeind
3409 1393 3467 1419 und

2639 1421 2692 1450 den
2711 1424 2814 1450 untern
2832 1421 3043 1456 Fabrilweiher
3062 1422 3127 1457 nach
3144 1423 3197 1451 den
3215 1423 3331 1453 Nietern
3349 1426 3468 1460 geführt,

2639 1463 2688 1485 um
2714 1456 2861 1491 schließlich
2887 1457 3045 1492 linksseitig
3069 1458 3118 1486 der
3143 1458 3228 1492 Linth
3254 1459 3284 1488 in
3309 1460 3353 1488 die
3378 1461 3467 1495 jetzige

2638 1491 2720 1521 Linie
2744 1492 3051 1527 Wcesen-Mühlehorn
3075 1500 3111 1527 zu
3132 1494 3265 1523 münden.
3288 1495 3347 1525 Der
3370 1496 3468 1531 Bahn-

2634 1525 2685 1591 a
2703 1527 2994 1557 Nieder-Oberurnen
3012 1528 3111 1557 würde
3129 1529 3252 1564 bestehen
3271 1529 3390 1565 bleiben,
3409 1536 3466 1560 wo-

2685 1562 2719 1597 :ch
2741 1563 2785 1592 die
2805 1563 3002 1604 Abzweigung
3023 1564 3071 1593 der
3094 1564 3177 1594 Linie
3200 1565 3249 1593 ins
3272 1565 3466 1595 Glarnerland

2636 1601 2702 1626 vom
2730 1598 2869 1633 Bahnhof
2899 1598 3091 1633 Ziegelbrücke
3121 1601 3177 1627 aus
3208 1603 3289 1629 unter
3318 1601 3467 1640 teilweiser

2635 1633 2800 1668 Benützung
2837 1634 2885 1662 der
2920 1633 3034 1669 jetzigen
3063 1634 3145 1664 Linie
3182 1635 3400 1676 gekennzeichnet
3427 1637 3466 1671 »ft.

2637 1669 2696 1698 Der
2718 1668 2888 1703 Forderung
2909 1676 3026 1698 neuerer
3048 1669 3114 1704 Zeit
3133 1686 3168 1691 —
3189 1670 3243 1698 das
3264 1677 3348 1705 ganze
3371 1671 3469 1706 Bahn-

2637 1704 2779 1738 hosgebiet
2797 1705 2828 1733 in
2847 1704 2925 1733 einer
2943 1705 3077 1734 Geraden
3094 1712 3128 1739 zu
3146 1705 3243 1740 halten
3261 1722 3296 1727 —
3312 1706 3397 1746 leistet
3415 1708 3469 1736 das

2633 1739 2830 1774 Weidprojekt,
2851 1740 2906 1768 wie
2928 1741 2985 1768 kein
3006 1740 3137 1774 anderes,
3156 1740 3265 1774 vollauf
3284 1741 3411 1775 Genüge,
3431 1743 3466 1771 da

2637 1774 2684 1816 sich
2721 1775 2766 1804 die
2803 1775 2959 1809 vielseitige
2989 1783 3060 1805 neue
3089 1775 3331 1811 Bahnhosanlage
3361 1777 3471 1811 Ziegel¬

2635 1810 2724 1838 brücke
2749 1811 2779 1840 in
2804 1810 2853 1839 der
2876 1810 2997 1845 geraden
3022 1810 3105 1841 Linie
3128 1810 3276 1846 genügend
3302 1812 3468 1845 ausdehnen

2633 1844 2740 1875 könnte.

2686 1883 2800 1918 Weesen
2827 1883 2941 1918 erhielte
2968 1883 3061 1917 seinen
3088 1884 3226 1919 Bahnhos
3251 1887 3342 1913 etwas
3369 1886 3469 1918 außer¬

2632 1918 2701 1952 halb
2730 1920 2782 1948 des
2812 1919 3053 1954 Schnittpunktes,
3093 1924 3137 1948 wo
3176 1920 3224 1953 sich
3252 1920 3296 1948 die
3335 1920 3468 1955 heutigen

2632 1954 2734 1984 Linien
2765 1954 2879 1988 Weesen
2889 1967 2901 1978 -
2911 1955 3090 1989 Mühlehorn
3128 1956 3187 1984 und
3218 1954 3330 1989 Weesen
3340 1968 3353 1979 -
3363 1955 3468 1989 Näsels

2632 1989 2727 2023 teilen,
2751 1989 2881 2024 wodurch
2906 1991 2970 2024 auch
2995 1990 3040 2019 die
3063 1990 3188 2020 Station
3212 1991 3326 2024 Weesen
3352 1990 3382 2019 in
3407 1992 3468 2020 eine

2635 2025 2746 2054 Gerade
2782 2025 2864 2054 käure.
2911 2025 2966 2055 Die
2995 2025 3255 2060 Eisenbahnbrücke
3283 2026 3326 2055 bei
3356 2026 3471 2060 Weesen

2635 2060 2731 2094 müßte
2752 2061 2795 2089 bei
2817 2062 2865 2089 der
2884 2061 3149 2096 Linicnverlegung
3169 2062 3214 2095 für
3234 2061 3395 2094 Personen-
3413 2063 3472 2090 und

2630 2096 2854 2130 Wagenverkehr
2893 2096 3047 2130 umgebaut
3087 2097 3210 2130 werden,
3250 2097 3330 2130 durch
3370 2096 3468 2131 welche

2636 2131 2713 2159 dann
2742 2131 2790 2160 der
2818 2131 2945 2162 weitaus
2974 2131 3089 2167 kürzeste
3118 2131 3244 2166 Zugang
3271 2137 3327 2160 von
3357 2131 3472 2164 Weesen

2636 2167 2691 2193 aus
2718 2172 2783 2200 zum
2807 2172 2898 2195 neuen
2921 2166 3061 2204 Bahnhos
3086 2167 3236 2202 geschafleu
3263 2166 3369 2196 würde.
3413 2168 3471 2197 Der

2634 2200 2772 2235 Anschluß
2800 2205 2855 2230 von
2882 2196 3132 2236 Uznach-Schänis
3161 2202 3236 2231 wird
3264 2202 3404 2237 ungefähr
3432 2210 3469 2231 an

2636 2235 2713 2269 jener
2732 2236 2826 2266 Stelle
2847 2237 2997 2274 gesunden,
3017 2244 3055 2266 an
3076 2238 3125 2266 der
3146 2237 3204 2272 jetzt
3225 2237 3269 2266 die
3290 2237 3470 2272 Bahnbrücke

2633 2262 2698 2305 nach
2722 2272 2823 2302 Bitten
2849 2272 2934 2306 fuhrt,
2959 2272 3004 2301 die
3029 2272 3060 2302 in
3086 2273 3134 2301 der
3160 2272 3302 2308 Richtung
3328 2273 3468 2307 Schänis-

2637 2306 2834 2336 Niederurnen
2870 2307 2984 2343 gedreht
3018 2308 3131 2337 werden
3167 2307 3272 2342 müßte.
3318 2307 3380 2342 Für
3414 2310 3470 2338 das

2633 2341 2821 2376 Weidprojekt
2871 2343 2976 2377 fanden
3019 2343 3166 2378 seinerzeit
3207 2343 3467 2378 Versammlungen

2633 2377 2702 2411 statt.
2746 2378 2780 2406 22
2807 2377 2984 2407 Gemeinden
3014 2379 3066 2407 des
3097 2378 3232 2407 KantonS
3262 2379 3377 2408 Glarus
3407 2380 3466 2408 und

2634 2408 2678 2441 die
2695 2413 2808 2447 meisten
2827 2412 3035 2448 Industriellen
3054 2415 3106 2443 des
3126 2414 3253 2444 Glarner
3270 2414 3466 2444 Unterlandes

2635 2447 2769 2477 erklärten
2784 2448 2830 2483 sich
2846 2448 2986 2482 schriftlich
3000 2449 3055 2478 mit
3070 2449 3229 2483 demselben
3246 2450 3468 2484 einverstanden,

2637 2483 2728 2516 gewiß
2748 2484 2794 2512 ein
2812 2484 2941 2516 Beweis,
2960 2484 3016 2517 daß
3033 2484 3136 2518 solches
3154 2484 3264 2514 überall
3284 2484 3390 2519 großen
3408 2485 3469 2515 An-

2637 2517 2716 2553 klang
2739 2519 2816 2552 fand.

2685 2557 2772 2587 Beim
2808 2557 3148 2600 Weiherprojekt,
3185 2559 3302 2593 welche»
3338 2559 3385 2594 für
3422 2560 3467 2589 die

2636 2592 2705 2622 Orte
2738 2588 2937 2628 Ziegelbrücke,
2970 2593 3169 2623 Riederurnen
3203 2594 3262 2623 und
3294 2594 3466 2624 Oberurnen

2637 2624 2759 2663 zugleich
2784 2635 2818 2661 zu
2849 2629 2950 2657 dienen
2980 2628 3065 2662 hätte,
3094 2629 3191 2658 würde
3222 2629 3268 2664 sich
3297 2629 3342 2659 die
3372 2629 3468 2659 Weid-

2636 2663 2738 2697 Projekt
2747 2676 2759 2687 -
2768 2658 2963 2699 Äusfübrung
2989 2664 3174 2698 südostrvärts
3200 2664 3378 2699 verschieben.
3402 2666 3468 2695 Da»

2639 2698 2930 2734 Ausnahmegebäude
2980 2699 3172 2734 Ziegelbrücke
3192 2712 3205 2723 -
3225 2699 3330 2729 Nieder
3351 2713 3362 2724 -
3382 2700 3473 2730 Ober¬

2636 2740 2727 2762 urnen
2753 2734 2830 2762 wäre
2856 2735 2948 2763 etwas
2974 2728 3133 2769 außerhalb
3160 2736 3212 2764 deS
3240 2735 3328 2763 obern
3354 2735 3470 2769 Fabrtt-

2639 2769 2764 2803 wcihers
2788 2769 2831 2798 bei
2858 2769 3067 2803 Niederurnen,
3092 2769 3150 2799 und
3175 2773 3252 2804 zwar
3276 2770 3405 2804 zwischen
3428 2771 3473 2799 die

2636 2804 2739 2834 Linien
2775 2805 2840 2839 nach
2874 2804 2988 2839 Weesen
3021 2806 3080 2834 und
3116 2806 3181 2838 nach
3217 2805 3470 2840 NSselS-Mollis,

2639 2839 2736 2874 welche
2772 2841 2875 2882 letztere
2903 2839 3061 2875 gegenüber
3089 2840 3138 2869 der
3165 2840 3277 2875 jetzigen
3306 2840 3388 2871 Linie
3424 2842 3473 2875 ost¬

2640 2875 2732 2904 wärts
2755 2876 2861 2910 verlegt
2883 2875 2990 2908 würde,
3012 2882 3045 2910 zu
3068 2874 3220 2910 placieren.
3242 2875 3312 2910 Hier
3334 2876 3407 2905 käme
3428 2877 3473 2905 die

2636 2909 2877 2944 Bahnhosanlage
2895 2917 2960 2944 zum
2977 2910 3044 2940 Teil
3062 2912 3093 2939 in
3114 2910 3240 2944 Kurven,
3259 2911 3419 2950 allerdings
3440 2912 3469 2940 in

2638 2946 2706 2980 zwei
2737 2945 2818 2979 flache
2846 2944 2971 2975 Kurven.
3017 2946 3114 2980 Gegen
3144 2946 3237 2980 diesen
3266 2946 3393 2980 Nachteil
3422 2949 3473 2975 deS

2637 2976 2890 3015 WeiherprojctteS
2920 2981 2978 3015 sind
3008 2981 3138 3015 folgende
3168 2981 3297 3011 Vorteile
3326 2982 3474 3016 desselben

2634 3022 2668 3049 z»
2694 3023 2819 3044 nennen:
2848 3016 2904 3046 Die
2931 3015 3088 3046 Gemeinde
3115 3016 3288 3046 Oberurnen
3315 3017 3391 3051 hätte
3418 3019 3472 3046 mit

2637 3050 2828 3085 Ziegelbrücke
2859 3052 2917 3080 und
2949 3051 3150 3081 Niederurnen
3189 3052 3234 3081 die
3274 3052 3335 3086 sehr
3367 3053 3472 3086 großen

2637 3086 2774 3117 Vorteile,
2793 3086 2848 3121 daß
2866 3086 2900 3121 sie
2919 3086 2967 3121 sich
2985 3087 3015 3115 in
3035 3087 3089 3116 den
3107 3087 3254 3122 wichtigen
3273 3087 3475 3122 Bahnknolen-

2635 3121 2718 3155 punkt
2739 3121 2824 3150 teilen
2845 3122 2952 3155 könnt«,
2972 3122 3032 3157 also
3053 3122 3098 3151 die
3118 3123 3326 3160 gemeinsamen
3346 3123 3473 3157 Schnell¬

2637 3155 2786 3191 zugshalte
2823 3156 2899 3189 hätte
2937 3158 2996 3186 und
3025 3157 3073 3190 für
3102 3157 3154 3186 alle
3182 3158 3307 3192 Zukunft
3335 3150 3473 3193 sämtliche

2636 3191 2716 3226 Züge
2742 3192 2792 3221 ins
2816 3192 3022 3222 Glarnerland.
3057 3193 3113 3223 Die
3138 3192 3394 3228 Zufahrtsstraßen
3417 3198 3473 3223 von

2635 3227 2689 3255 den
2717 3226 2808 3257 Orten
2838 3227 3040 3262 Ziegelbrücke,
3068 3228 3267 3257 Niederurnen
3296 3229 3355 3258 und
3383 3229 3474 3259 Obcr-

2637 3268 2728 3291 urnen
2751 3262 2865 3297 dürsten
2888 3262 2936 3291 als
2959 3263 3074 3293 normal
3097 3263 3249 3298 bezeichnet
3270 3264 3393 3293 werden.
3415 3265 3474 3295 Der

2637 3297 2881 3332 Weiherbalmhof
2915 3298 3000 3328 bietet
3034 3299 3127 3334 ferner
3160 3299 3213 3328 den
3249 3299 3363 3329 Vorteil
3397 3300 3474 3329 einer

2636 3333 2723 3366 guten
2750 3328 2960 3372 Orientierung
2994 3333 3041 3368 für
3067 3334 3122 3363 das
3157 3334 3281 3369 reisende
3308 3334 3473 3369 Publikum.

2637 3367 2723 3397 Beim
2747 3368 2965 3403 Weiherprojekt
2990 3369 3067 3399 wäre
3090 3369 3155 3404 auch
3178 3370 3223 3399 die
3245 3369 3472 3404 Zentralisation

2638 3403 2689 3432 deS
2706 3403 2984 3439 limschlagdiciistes,
3000 3405 3046 3433 die
3064 3405 3150 3434 allein
3168 3406 3230 3434 eine
3247 3406 3475 3440 Vereinfachung

2638 3439 2689 3468 des
2707 3439 2860 3469 Betriebes
2879 3440 2937 3468 und
2957 3440 3005 3469 der
3022 3439 3297 3475 Fahrplanbildung
3316 3447 3366 3476 zur
3384 3441 3473 3476 Folge

2640 3473 2731 3504 haben
2754 3474 2861 3508 »vürde,
2883 3475 3001 3509 erreicht.
3023 3474 3192 3509 Schließlich
3210 3476 3309 3505 könnte
3329 3470 3411 3510 durch
3430 3477 3475 3506 die

2639 3509 2838 3545 Vereinigung
2885 3510 2932 3539 der
2979 3509 3131 3545 Bahnhöfe
3179 3511 3368 3546 Ziegelbrücke
3414 3512 3474 3541 und

2641 3545 2747 3574 Nieder
2757 3557 2768 3569 -
2779 3545 2950 3575 Oberurnen
2984 3546 3199 3581 unziveifelhast
3230 3547 3290 3576 eine
3321 3547 3392 3581 nicht
3425 3554 3476 3576 un¬

2642 3580 2812 3610 bedeutende
2835 3581 3123 3616 Betriebsersparnis
3147 3582 3242 3616 erzielt
3264 3583 3387 3612 werden.
3410 3583 3475 3613 Das

2642 3615 2861 3651 Weiberprojekt
2890 3616 2979 3646 bildet
3008 3617 3073 3651 auch
3104 3617 3262 3652 gegenüber
3290 3618 3353 3647 dem
3382 3618 3476 3648 Weid-

2641 3651 2744 3685 projckt
2775 3651 2828 3680 den
2859 3651 2967 3686 nähen»
3000 3652 3069 3687 Weg
3102 3652 3149 3687 für
3180 3653 3232 3681 den
3265 3652 3386 3687 Verkehr
3418 3657 3474 3682 von

2642 3686 2755 3721 Weesen
2773 3689 2830 3716 aus
2847 3687 2897 3716 in?
2914 3687 3120 3722 Glarnerland,
3136 3688 3184 3717 der
3202 3688 3359 3723 allerdings
3377 3695 3476 3723 gegen¬

2643 3721 2712 3751 über
2735 3722 2799 3752 den»
2824 3722 3019 3757 Nordvcrkehr
3044 3722 3092 3751 als
3118 3723 3162 3751 ein
3188 3730 3259 3758 ganz
3285 3723 3415 3759 geringer
3442 3730 3476 3758 zu

163 3855 254 3897 Eine
282 3856 502 3907 Srstelgong
531 3856 599 3897 -es
628 3856 744 3905 Seffo.

55 3964 69 3972 _
94 3929 127 3959 0.
146 3931 209 3962 Sch.
246 3934 309 3964 Wir
329 3935 424 3971 hatten
443 3935 528 3970 unser
550 3932 817 3967 Sourmcrqitartier
839 3931 869 3961 in

16 3964 26 4016 |
49 3971 89 4009 ft.
107 3969 164 4000 Luc
187 3973 226 4002 im
249 3974 355 4004 Wallis
379 3973 587 4010 aufgeschlagen
629 3973 686 4002 »»»»d
707 3975 805 4002 waren
830 3971 869 4001 in»

47 4007 122 4037 -voiel
148 4011 201 4040 mit
230 4013 307 4042 einer
336 4013 529 4049 angenehmen
557 4011 731 4048 Gesellschaft
761 4011 869 4046 z»san»-

48 4048 250 4086 »lengctrofsen,
270 4052 317 4081 die
339 4053 421 4082 einen
444 4052 595 4087 fröhlich»
614 4050 786 4086 Aufenthalt
809 4053 869 4079 ver-

16 4089 24 4122 l
49 4086 137 4121 »"ach.
166 4088 212 4123 In
231 4091 286 4119 den
308 4092 393 4126 ersten
416 4091 515 4126 Tagen
539 4091 638 4120 »vukde
658 4089 869 4125 Bekanntschaft

16 4120 24 4155 !
47 4123 93 4152 mit
116 4126 162 4156 der
185 4129 310 4165 näheren
336 4130 506 4165 Umgebung
549 4131 608 4159 und
632 4129 779 4164 Ausflüge
803 4120 870 4163 nach

16 4164 26 4214 I
49 4161 214 4203 Chandolin,
231 4170 282 4204 auf
299 4170 343 4199 die
361 4169 433 4203 Alpe
451 4170 490 4199 du
508 4169 626 4199 Tonnot
644 4169 703 4198 und
720 4168 766 4197 die
786 4167 869 4198 Bella

48 4198 114 4232 Tola
132 4209 358 4242 unternommen,
373 4209 419 4238 die
437 4208 618 4243 genußreiche
636 4208 715 4243 Tage
734 4207 870 4241 brachten,

22 4242 26 4286 j
47 4238 115 4271 Aber
132 4245 185 4274 das
203 4250 265 4278 »var
281 4255 337 4278 mir
351 4248 408 4278 das
428 4247 568 4283 Vorspiel.
597 4248 656 4277 Der
672 4246 870 4282 Hintergrund

49 4279 93 4308 des
114 4282 202 4314 Tales
221 4288 276 4317 mit
294 4287 386 4322 feiner
405 4286 613 4321 Gletscherwelt
635 4287 694 4315 »md
715 4290 767 4315 vor
786 4284 870 4314 allem

48 4317 86 4346 die
104 4322 264 4358 droljcnden
284 4326 412 4361 Häupter
429 4327 483 4355 des
502 4326 566 4355 dort
587 4326 653 4361 stolz
675 4325 870 4361 ausragenden

49 4357 122 4393 Vcsso
140 4363 254 4394 wirkten
275 4366 327 4396 mit
344 4365 494 4400 unrgischer
513 4364 774 4400 A»»jiehm»gskrasi
812 4364 870 4393 und

49 4396 137 4428 >ockten
160 4402 259 4434 inuner
280 4406 350 4440 aufs
372 4405 450 4434 i'tcu«
473 4410 506 4439 zu
528 4404 620 4433 einein
641 4403 754 4438 Besuch.
786 4402 870 4432 Mein

50 4435 141 4468 braver
159 4440 278 4478 Joseph,
297 4443 344 4473 «ln
367 4443 564 4478 Eiugcborner
585 4445 641 4472 von
663 4442 712 4472 St.
731 4442 790 4473 Lue
811 4442 871 4471 m»d

51 4474 157 4509 bekannt
174 4481 223 4511 als
244 4483 456 4517 Genrscnjäger,
492 4483 542 4511 der
579 4481 648 4516 n»ich
669 4483 720 4517 auf
757 4481 871 4517 einigen

49 4512 205 4554 Ausflügen
226 4521 358 4557 begleitet
397 4523 479 4558 hatte,
520 4521 564 4550 bei
588 4520 716 4556 »velchein
739 4520 776 4556 ich
796 4520 871 4555 fein«

51 4553 259 4595 bleschicklickMt
298 4561 338 4591 im
359 4561 486 4592 Kletten»
524 4559 584 4589 »nrd
612 4560 689 4589 beim
710 4559 873 4595 Edelweiß-

52 4593 134 4626 nichcn
175 4605 208 4633 zu
251 4600 426 4630 bewmrden»
452 4598 638 4634 Gelegenheit
662 4598 746 4634 hatte,
789 4599 872 4634 reizte

51 4633 132 4664 meine
156 4637 295 4674 Begierde
317 4640 382 4675 noch
405 4638 488 4672 durch
513 4638 585 4673 seine
609 4637 802 4672 Schilderung
823 4638 873 4667 der

52 4670 158 4708 lustigen
182 4677 390 4715 Klcticrpartte,
413 4678 457 4708 die
476 4678 530 4707 den
552 4676 696 4713 Bcsteiger
714 4677 766 4705 deS
789 4676 872 4712 Besso

52 4714 172 4745 "wartet
190 4718 247 4747 >»nd
264 4719 292 4754 so
310 4721 372 4748 war
390 4719 463 4748 dem»
480 4717 525 4746 ein
541 4714 646 4750 Besuch
663 4715 810 4752 desselben
828 4716 871 4745 bei

51 4749 99 4779 mir
122 4753 293 4794 beschlossene
315 4757 414 4793 Sache.
444 4756 499 4791 Ich
522 4756 638 4785 »Variete
660 4761 716 4784 mir
738 4755 788 4790 auf
811 4755 872 4784 eine

50 4790 166 4828 dunstige
188 4795 380 4832 Gelegenheit,
399 4796 512 4826 meinen
534 4794 646 4829 Vorsatz
666 4792 873 4829 auSzufithrcn.

51 4825 118 4871 ^ber
156 4834 219 4868 noch
258 4836 361 4866 ander«
403 4835 497 4866 Wand
501 4833 599 4869 erziele
650 4831 757 4862 lockten.
807 4832 873 4862 Von

55 4884 70 4893 -
79 4871 94 4897 t.
116 4869 171 4900 Luc
193 4873 270 4910 führt
292 4875 338 4905 ein
361 4875 510 4909 bequemer
532 4872 598 4908 Paß
620 4871 744 4906 hinüber
763 4871 794 4900 in
818 4871 873 4901 das

24 4904 26 4935 !
52 4906 138 4945 wenig
156 4911 287 4944 bekaitnic
305 4912 514 4944 Tnrtmainital
531 4918 579 4942 aut
598 4909 679 4945 Fuße
697 4910 748 4940 d«S
768 4909 815 4946 sich
835 4911 872 4940 im

51 4945 143 4981 llolzen
166 4950 325 4989 Schwung«
347 4960 411 4988 zum
434 4951 560 4987 Hinrinel
582 4949 755 4986 erhebe,»den
780 4949 875 4984 Wcih-

54 4982 144 5018 lwrns.
172 4990 236 5020 Aus
255 4993 320 5022 dem
340 4990 549 5023 T»»rtn»anntal
568 4989 685 5026 gelangt
703 4995 773 5018 mau
795 4989 874 5018 daun

52 5022 115 5054 über
131 5027 181 5058 den
196 5030 414 5068 Augstbordpaß
430 5031 481 5060 inS
498 5029 659 5065 Zennatter
674 5027 739 5057 Tal.
775 5027 875 5057 Meine

56 5068 134 5099 era»,
152 5067 196 5097 die
217 5072 266 5105 gut
287 5077 321 5106 zu
340 5070 406 5107 Fuß
426 5073 496 5104 »var,
517 5067 649 5104 beschloß,
670 5065 738 5101 mich
757 5065 874 5101 dorthin

55 5104 83 5131 Zu
102 5103 244 5143 begleite»»,
259 5110 319 5140 und
338 5110 394 5140 »vir
410 5109 541 5145 genossen
557 5108 632 5136 denn
650 5105 718 5141 mich
737 5104 780 5134 bet
799 5104 876 5139 herr¬

55 5138 141 5175 liche»»
165 5146 268 5179 Wetter
289 5149 363 5186 diese
387 5145 581 5179 wundervolle
608 5144 801 5179 Wanderung,

24 5191 28 5214 i
100 5179 143 5215 In
178 5185 307 5220 Zennatt
345 5188 441 5218 ereilte
477 5185 545 5221 mich
583 5184 644 5214 eine
665 5182 795 5219 Depesche
819 5184 875 5212 aus

56 5216 98 5247 St.
115 5220 179 5258 Luc,
196 5225 240 5256 die
258 5227 315 5257 mir
333 5227 380 5258 die
396 5225 523 5263 Ankunft
540 5225 621 5254 eines
640 5222 747 5258 Genfer
766 5221 877 5256 Freuu-

21 5269 25 5287 -
55 5256 100 5286 des
115 5263 239 5300 »neidete,
257 5266 306 5296 der
320 5267 378 5297 mir
396 5263 573 5301 versprochen
591 5263 674 5299 hatte,
691 5261 759 5297 „»ich
778 5261 878 5297 auszu-

27 5302 31 5324 >
56 5294 148 5332 suchen.
178 5302 241 5332 Wir
262 5305 406 5341 verließen
427 5302 628 5340 infolgedessen
650 5300 780 5336 Zermatt
817 5300 877 5329 und

0 5332 44 5384 U
57 5337 140 5372 «rasen
159 5339 190 5371 in
211 5343 260 5372 der
282 5343 368 5379 Nacht
387 5345 419 5374 in
440 5344 489 5374 St.
511 5341 568 5372 Luc
589 5341 645 5370 «in.
673 5339 731 5371 Am
752 5339 877 5374 Morgen

0 5372 44 5408 Ug
58 5375 112 5405 war
130 5377 166 5414 ich
187 5381 251 5418 srüh
270 5384 319 5420 auf
339 5384 399 5418 und
416 5384 473 5420 traf
492 5382 547 5412 den
566 5380 685 5415 Freund
703 5378 781 5416 schon
802 5378 879 5412 beim

904 3811 1057 3847 Frühstück.
1082 3810 1157 3844 Nach
1171 3811 1221 3840 der
1237 3810 1420 3846 Begrüßung
1436 3817 1486 3846 zog
1504 3810 1540 3845 ich
1559 3810 1608 3845 ihn
1626 3810 1677 3845 auf
1692 3809 1735 3838 di«

905 3850 1041 3885 Terrasse,
1060 3850 1146 3885 zeigte
1163 3850 1215 3885 mis
1231 3850 1286 3879 de»
1305 3849 1388 3885 Besso
1405 3850 1465 3879 und
1485 3851 1587 3884 fragt«:
1608 3848 1735 3883 „Doktor,

906 3890 964 3924 sind
987 3889 1042 3919 Sie
1061 3888 1183 3919 dabei?"
1203 3904 1238 3910 —
1261 3888 1338 3923 „Mit
1362 3888 1567 3924 Vergnügen!"
1590 3888 1735 3918 erwiderte

905 3929 1002 3964 dieser,
1041 3932 1143 3962 „»vann
1181 3926 1259 3962 sossS
1298 3927 1473 3962 losgehen?"
1492 3943 1526 3949 —
1546 3927 1641 3961 „Nun,
1660 3927 1735 3955 dann

908 3968 1007 4003 schlage
1028 3968 1066 4001 ich
1087 3970 1147 4001 vor,
1186 3967 1283 4001 n»sere
1306 3967 1555 4002 Vorvereitungen
1594 3966 1682 4001 sosott
1703 3971 1735 4000 z»

905 4008 1014 4043 treffen.
1033 4006 1096 4037 Wir
1114 4006 1204 4042 haben
1219 4006 1288 4035 7—8
1303 4005 1440 4035 Stunden
1458 4006 1507 4035 bis
1525 4012 1575 4040 zur
1591 4005 1737 4034 Moimtct-

907 4046 993 4082 hütte,
1029 4049 1112 4075 wen»
1151 4045 1206 4075 wir
1245 4044 1273 4073 in
1312 4045 1390 4074 einer
1409 4044 1527 4075 Stunde
1566 4043 1736 4080 mifbrcchen,

907 4086 1012 4115 können
1033 4085 1090 4113 wir
1109 4084 1154 4113 die
1175 4083 1261 4118 Hütte
1279 4083 1346 4117 »wch
1365 4086 1417 4113 vor
1435 4084 1486 4113 der
1509 4083 1678 4119 Dunkelheit
1697 4090 1737 4112 er¬

908 4124 1035 4158 reichen."
1061 4123 1113 4157 Ich
1132 4123 1188 4157 ließ
1207 4121 1317 4156 Joseph
1335 4122 1580 4158 benachrichtige»,
1596 4124 1661 4157 trug
1681 4121 1737 4152 ihm

906 4164 966 4199 aus,
990 4164 1070 4192 eine»
1097 4162 1213 4197 zweflc»
1238 4160 1350 4198 Führer
1374 4168 1408 4196 zu
1434 4162 1584 4196 beschasscu
1610 4163 1667 4191 und
1691 4161 1737 4190 bat

907 4203 999 4233 meine
1019 4201 1108 4236 Frau,
1148 4202 1190 4230 die
1211 4201 1279 4233 »nich
1318 4201 1366 4229 bis
1406 4207 1455 4235 zur
1475 4201 1561 4235 Hütte
1600 4200 1737 4236 begleite»

908 4242 1010 4276 wollt«,
1053 4242 1099 4276 für
1124 4241 1168 4270 die
1193 4239 1316 4269 Vorräte
1358 4246 1391 4273 zu
1417 4241 1525 4275 sorgen.
1559 4239 1737 4275 Unterdessen

907 4286 969 4311 war
986 4283 1019 4311 «S
1036 4281 1077 4310 im
1095 4279 1178 4314 Hotel
1198 4279 1328 4313 lebendig
1349 4279 1515 4314 geivorden;
1532 4279 1578 4309 die
1597 4278 1680 4314 Gäste
1700 4285 1739 4307 er¬

906 4321 1028 4355 schiene»
1056 4326 1121 4354 zuin
1147 4317 1300 4352 Friihstück,
1328 4317 1484 4352 bcgriißten
1511 4320 1571 4348 unS
1597 4317 1663 4353 nach
1689 4324 1739 4346 un¬

910 4362 979 4395 serer
1003 4358 1197 4393 mehrtägige»
1224 4356 1421 4391 Abwesenheit
1464 4358 1524 4387 und
1566 4356 1739 4394 Vernahiue»

908 4399 961 4429 mit
987 4398 1234 4431 Verwmldcmmg.
1257 4395 1314 4429 daß
1340 4396 1395 4425 wir
1419 4396 1508 4432 sofort
1533 4397 1639 4426 »vieder
1679 4396 1740 4430 aus-

908 4438 1021 4473 brechen
1041 4436 1165 4467 wollten.
1187 4435 1242 4470 Ich
1263 4438 1325 4464 war
1344 4435 1398 4464 mit
1417 4436 1482 4466 dem
1503 4435 1607 4470 Packen
1629 4435 1739 4465 meines

910 4477 1067 4513 Rucksackes
1108 4475 1273 4510 beschäftigt,
1313 4473 1360 4503 als
1383 4473 1430 4509 sich
1469 4474 1527 4504 mir
1550 4474 1690 4509 Fräulein
1714 4473 1740 4503 8.

908 4517 1034 4553 nähert«,
1057 4517 1113 4546 das
1136 4516 1176 4544 im
1199 4513 1281 4549 Hotel
1304 4513 1427 4546 wohnte.
1459 4513 1505 4547 In
1528 4514 1607 4549 ihrer
1628 4512 1741 4548 Beglei¬

911 4559 981 4592 tung
996 4556 1101 4591 befand
1121 4554 1167 4590 sich
1187 4554 1231 4583 ein
1250 4552 1352 4588 junger
1369 4552 1477 4588 Mann,
1496 4553 1614 4588 welchen
1632 4552 1667 4588 sie
1687 4552 1740 4581 mir

908 4595 958 4625 als
979 4595 1060 4630 ihren
1081 4593 1197 4624 Bruder
1216 4591 1360 4627 vorstellt«,
1382 4592 1431 4620 der
1453 4592 1590 4627 während
1630 4591 1741 4626 unserer

910 4634 1108 4670 Abwesenheit
1126 4632 1313 4668 «ingetrofsen
1334 4634 1404 4659 »var.
1438 4631 1507 4666 „Ich
1528 4631 1598 4663 habe
1621 4630 1740 4666 gehört,"

909 4674 984 4709 sagte
1022 4672 1066 4708 sie,
1105 4671 1175 4707 „daß
1195 4671 1251 4701 Sie
1271 4671 1324 4700 den
1346 4669 1430 4704 Besso
1469 4677 1502 4705 zu
1522 4670 1658 4706 besteigen
1680 4674 1742 4699 vor-

909 4713 1017 4748 ljaben;
1036 4712 1113 4742 mein
1133 4711 1247 4741 Bruder
1268 4709 1347 4738 bittet
1368 4715 1417 4738 >mi
1437 4709 1481 4739 die
1502 4709 1676 4744 Erlaubnis,
1698 4708 1742 4743 sich

910 4752 1012 4786 Ihnen
1050 4750 1222 4787 anschließen
1243 4756 1277 4784 zu
1297 4748 1425 4782 dürfen."
1465 4747 1519 4783 Ich
1538 4749 1667 4785 „ntstcric
1690 4750 1741 4777 den

909 4790 1101 4827 schmächtigen
1116 4789 1267 4825 Jüngling
1280 4792 1346 4816 vom
1364 4786 1437 4823 Kops
1453 4787 1502 4816 bis
1516 4794 1550 4822 zu
1564 4788 1616 4817 de»
1633 4786 1743 4822 Füße».

912 4831 952 4861 Er
971 4833 1037 4867 1mg
1058 4831 1138 4860 einen
1159 4836 1230 4866 ganz
1248 4834 1348 4861 ne»»en,
1371 4827 1533 4863 hellgrauen
1555 4828 1742 4863 Sportanzng

908 4870 977 4905 nach
991 4871 1042 4900 der
1055 4869 1148 4905 letzten
1166 4869 1263 4901 Mod«,
1280 4866 1380 4901 schöne,
1397 4867 1483 4896 builte
1500 4867 1742 4903 Wadenslriiiitpse

909 4910 970 4939 und
1008 4909 1054 4939 ein
1072 4908 1156 4944 Paar
1174 4907 1317 4942 tadellose,
1355 4906 1434 4941 gell'e
1455 4906 1572 4942 Stiesel.
1600 4907 1659 4942 Aus
1682 4907 1743 4935 dem

911 4948 1056 4985 Höheweg
1077 4949 1109 4978 in
1134 4946 1301 4982 Jnierlakcn
1328 4946 1394 4975 oder
1417 4947 1467 4982 ai»s
1489 4946 1554 4976 dem
1579 4946 1661 4976 Quai
1688 4949 1743 4974 von

913 4988 1023 5023 Luzen»
1048 4987 1123 5022 hätte
1147 4986 1193 5022 sich
1216 4986 1289 5023 seine
1315 4984 1505 5021 Erscheiinnig
1530 4984 1557 5019 ja
1583 4991 1654 5021 ganz
1697 4985 1744 5018 gut

910 5030 1150 5063 a»lsgenonrmen,
1171 5026 1239 5056 aber
1262 5025 1327 5059 nach
1350 5024 1442 5054 einem
1465 5024 1673 5061 Hochtouristen
1699 5021 1743 5058 sah

911 5074 942 5096 er
957 5066 1029 5101 nicht
1045 5067 1112 5096 aus.
1139 5065 1192 5100 Ich
1212 5064 1357 5095 crlvidcrtc
1374 5063 1425 5093 der
1442 5062 1550 5099 jungen
1570 5064 1671 5097 Danie,
1691 5061 1744 5096 daß

911 5105 950 5136 ich
971 5105 1039 5138 mich
1059 5113 1128 5141 gern
1147 5104 1226 5139 ihres
1247 5103 1379 5134 Bruders
1400 5102 1560 5137 anuehmen
1582 5102 1684 5136 wollte,
1704 5108 1745 5130 er¬

914 5144 997 5175 klärte
1015 5145 1085 5175 aber
1105 5144 1282 5180 gleichzeitig,
1300 5141 1357 5175 daß
1380 5141 1417 5176 ich
1436 5141 1600 5178 prinzipiell
1619 5139 1744 5171 niemals

914 5184 965 5214 mit
987 5183 1103 5221 jemand
1125 5182 1300 5219 Hochtouren
1322 5180 1518 5217 unternähme,
1540 5182 1593 5211 den
1617 5180 1653 5216 ich
1677 5178 1745 5214 nicht

913 5223 1004 5254 keime.
1036 5223 1229 5258 „Enttvedcr,"
1272 5222 1341 5256 setzte
1381 5219 1417 5255 ich
1458 5220 1503 5256 ihr
1543 5219 1745 5252 auseinander,

916 5262 1036 5298 „komme
1078 5262 1113 5297 ich
1137 5261 1207 5297 nicht
1232 5261 1342 5297 hinaus,
1365 5260 1443 5289 dann
1465 5259 1599 5290 verderbe
1624 5259 1661 5294 ich
1685 5259 1746 5287 dem

914 5302 1023 5332 andern
1044 5302 1088 5331 die
1107 5302 1196 5335 Tour,
1217 5301 1282 5330 oder
1302 5306 1329 5329 er
1349 5298 1469 5334 versagt,
1490 5299 1566 5329 dann
1586 5299 1690 5328 koinmc
1710 5295 1746 5330 Ich

913 5346 965 5370 um
988 5342 1066 5371 mein
1090 5339 1290 5376 Bcrgniigen."
1318 5338 1377 5368 Der
1399 5337 1554 5374 Jüngling
1578 5339 1618 5367 tat
1642 5335 1746 5370 daraus

914 5381 1010 5415 etwas,
1023 5379 1161 5415 beleidigt
1177 5380 1236 5409 und
1251 5377 1418 5415 versicherte,
1432 5378 1478 5407 ein
1494 5377 1556 5414 sehr
1574 5378 1654 5411 gnter
1670 5374 1748 5409 Fuß¬

1770 3808 1879 3843 gänger
1916 3809 1975 3838 »md
1993 3807 2127 3843 tü<htig«r
2145 3808 2322 3843 Bergsteiger
2360 3815 2393 3844 zu
2415 3809 2480 3844 sein.
2519 3808 2604 3841 „N»m

1771 3848 1847 3883 gut,"
1866 3846 1990 3882 versetzte
2010 3847 2061 3882 tch:
2083 3847 2227 3882 „Nchnten
2247 3847 2303 3877 Sie
2322 3847 2369 3883 sich
2391 3848 2471 3877 eine»
2493 3847 2605 3883 Führer

1771 3887 1831 3916 »md
1855 3886 1981 3917 kounnei»
2005 3886 2061 3916 Sie
2084 3887 2153 3921 mit;
2177 3887 2228 3922 auf
2252 3887 2324 3922 diese
2350 3887 2440 3923 Weise
2467 3886 2525 3922 sind
2550 3887 2605 3916 wir

1772 3926 1970 3956 voneinander
1989 3926 2176 3961 unabhängig
2195 3926 2254 3956 m,d
2274 3926 2381 3956 können
2402 3926 2455 3955 den
2474 3926 2606 3961 Attsflug

1772 3965 2019 4001 genteinschasilich
2057 3965 2193 3999 machen."
2243 3965 2306 3995 Wir
2329 3966 2454 4000 el»»igte»
2476 3966 2534 3994 »rnS
2556 3965 2606 4001 aus

1772 4005 1885 4034 meinen
1910 4004 2062 4040 Vorschlag
2082 4005 2142 4034 mid
2164 4011 2249 4039 zogen
2273 4008 2329 4033 vor»
2352 4005 2473 4033 dannen.

1825 4043 1881 4073 Die
1906 4043 2090 4078 Wanderung
2129 4047 2185 4072 von
2208 4043 2258 4073 St.
2280 4043 2336 4075 Luc
2378 4044 2441 4077 nach
2464 4042 2553 4077 Ziual
2575 4043 2607 4078 ist

1775 4081 1899 4116 herrlich.
1932 4082 1979 4115 In
2021 4082 2098 4112 elucr
2123 4082 2202 4117 Höhe
2242 4086 2297 4111 von
2321 4087 2394 4111 ettva
2421 4083 2488 4112 1700
2512 4082 2607 4111 Meter

1775 4121 1853 4156 führt
1873 4122 1920 4151 «in
1944 4122 2093 4155 bequemer
2115 4121 2192 4156 Pfad
2214 4122 2284 4151 über
2304 4121 2394 4156 grü»»e
2416 4122 2532 4151 Matten
2554 4122 2606 4150 nttt

1773 4161 1838 4191 dein
1861 4160 1995 4191 Ausblick
2037 4162 2087 4195 aus
2112 4161 2164 4190 den
2209 4161 2384 4196 imposante»
2410 4160 2606 4195 Hintergrund

1775 4200 1826 4228 deS
1848 4199 1948 4234 Tales,
1969 4203 2015 4230 wo
2037 4200 2082 4229 die
2105 4200 2207 4235 Riefen
2230 4200 2282 4230 des
2307 4200 2412 4229 Wallis
2435 4200 2494 4234 ihr«
2517 4200 2607 4234 eiSge«

1774 4241 1927 4273 panzerten
1952 4239 2052 4269 Leiber
2077 4244 2142 4274 zmil
2166 4239 2291 4273 Himmel
2318 4238 2411 4268 recken.
2445 4230 2490 4272 In
2518 4237 2607 4272 Ziiml

1776 4277 1890 4313 speisten
1912 4278 1968 4308 wir
1991 4285 2025 4313 zu
2048 4278 2159 4313 Mittag
2196 4280 2256 4307 ,md
2295 4278 2420 4313 gönnten
2443 4280 2502 4307 uns
2525 4277 2607 4313 Rast;

1776 4316 1830 4346 »vir
1854 4316 1950 4351 hatten
1976 4319 2029 4347 den
2054 4324 2160 4353 ganzen
2185 4317 2372 4351 Nachmittag,
2398 4323 2448 4346 m»
2473 4317 2516 4346 die
2545 4317 2607 4345 1—5

1775 4355 1913 4386 Stttnden
1940 4357 2077 4392 entfernte
2102 4356 2187 4390 Hütte
2213 4363 2246 4391 zu
2271 4356 2416 4391 erreichen.
2450 4355 2517 4390 Hier
2542 4354 2607 4390 stieß

1775 4395 1840 4430 a»»ch
1859 4394 1944 4431 tinser
1964 4398 2077 4431 ztvciter
2096 4394 2209 4431 Führer
2230 4402 2264 4430 zu
2283 4396 2350 4429 uns,
2370 4394 2461 4431 dessen
2482 4394 2607 4429 ruhiges,

1774 4434 1842 4463 aber
1879 4435 2051 4470 energisches
2086 4434 2193 4470 Gesicht
2233 4435 2313 4464 einen
2351 4437 2435 4470 guten
2473 4432 2609 4463 Eindruck

1777 4473 1888 4508 »nachte.
1921 4474 1984 4503 Wir
2009 4474 2217 4509 dirrchschritten
2239 4475 2292 4504 den
2318 4474 2425 4504 breiten
2449 4473 2607 4507 Talgnind,

1778 4512 1807 4541 in
1830 4513 1958 4547 welchem
1980 4512 2071 4547 Ziual
2091 4513 2159 4549 liegt
2180 4514 2240 4542 u»»d
2263 4514 2388 4542 betraten
2412 4513 2471 4542 eine
2491 4512 2608 4542 Stunde

1776 4550 1869 4587 später
1890 4552 1941 4581 den
1963 4552 2109 4587 Gletscher,
2131 4552 2252 4587 »vclcher,
2270 4552 2370 4587 mäßig
2389 4551 2556 4588 ansteigend,
2578 4551 2608 4579 in

1776 4590 1822 4619 die
1842 4590 1920 4626 Höhe
1941 4591 2026 4626 fiihrt.
2047 4591 2091 4625 Zu
2111 4591 2225 4625 unserer
2244 4590 2346 4621 Linken
2369 4590 2462 4625 hatten
2481 4590 2536 4618 wir
2554 4591 2608 4618 de,»

1776 4629 1870 4665 Besso,
1906 4630 1996 4665 dessen
2037 4631 2093 4667 steil
2133 4631 2313 4667 abstürzciide
2353 4629 2475 4664 Flanke»
2515 4629 2610 4663 »rotzig

1778 4672 1973 4705 enlporrage».
2010 4669 2154 4703 Während
2181 4670 2235 4699 »vir
2260 4669 2345 4705 ruhig
2386 4669 2472 4704 dahin
2479 4668 2609 4703 schritten,

1780 4708 1854 4743 l-atte
1876 4710 1909 4738 es
1929 4709 2002 4743 Herr
2024 4709 2051 4738 S.
2073 4709 2116 4743 für
2140 4709 2220 4744 nötig
2242 4709 2391 4744 befunden,
2414 4709 2471 4737 uns
2492 4706 2608 4741 Proben

1779 4752 1834 4776 von
1852 4747 1943 4781 seiner
1961 4747 2186 4783 Leichtfüßigkeit
2203 4754 2237 4782 zu
2254 4748 2349 4783 geben.
2368 4746 2407 4777 Er
2426 4746 2473 4781 liej
2491 4745 2544 4776 wie
2564 4746 2608 4775 ein

1780 4786 1882 4822 >»mger
1906 4786 1992 4822 Hund
2014 4787 2101 4822 recht«
2124 4789 2182 4816 »nrd
2206 4786 2281 4816 links
2304 4792 2368 4816 vom
2390 4786 2472 4821 Wege
2494 4785 2539 4818 ab,
2570 4791 2610 4814 er»

1780 4826 1900 4855 Netterte
1925 4827 1984 4862 hier
2010 4828 2067 4856 und
2091 4827 2126 4856 da
2152 4826 2212 4856 eine
2238 4826 2322 4856 kleine
2345 4824 2473 4859 Anhöhe,
2499 4823 2610 4859 sprang,

1779 4865 1828 4899 auf
1856 4865 1950 4901 seinen
1974 4864 2114 4901 Bergstock
2140 4865 2253 4901 gestützt,
2278 4865 2346 4894 über
2371 4865 2414 4893 die
2438 4863 2526 4893 Bäche
2552 4863 2610 4892 und

1781 4903 1852 4933 trieb
1892 4904 2038 4941 allerhand
2078 4904 2213 4939 »muützes
2235 4904 2322 4939 Zeug,
2363 4902 2389 4936 so
2409 4902 2464 4935 daß
2486 4902 2522 4936 ich
2561 4901 2610 4938 ihn

1780 4943 1940 4978 »nohmrals
1966 4943 2119 4978 ermahnte,
2147 4943 2218 4979 seine
2246 4943 2342 4977 Kräfte
2369 4949 2402 4976 zu
2428 4941 2547 4976 schone»,
2575 4942 2609 4970 da

1780 4982 1824 5011 die
1843 4980 1929 5016 Hütte
1951 4982 2015 5018 »och
2033 4983 2099 5012 »veit
2120 4983 2164 5018 sei.
2193 4982 2233 5012 Er
2249 4983 2324 5017 hatte
2344 4982 2411 5010 aber
2431 4981 2531 5010 immer
2552 4984 2612 5009 ver-

1782 5020 1879 5056 sicljcrt,
1905 5021 1950 5052 ein
1975 5020 2196 5057 „Krastmci»sch"
2223 5027 2256 5055 zu
2279 5020 2344 5056 sein,
2369 5021 2430 5049 dein
2454 5020 2500 5048 der
2526 5019 2611 5049 kleine

1783 5060 2018 5096 „Spaziergang"
2038 5061 2110 5091 feilte
2132 5060 2223 5094 Mühe
2243 5058 2339 5093 mache.
2377 5058 2450 5092 Rach
2469 5059 2526 5087 »ud
2548 5058 2612 5092 „ach

1783 5096 1844 5134 slug
1862 5107 1893 5129 er
1909 5100 1978 5130 aber
1998 5107 2034 5130 au
2051 5099 2239 5134 merkwiirdig
2259 5099 2298 5133 oft
2315 5097 2359 5127 die
2380 5097 2496 5131 Gegend
2515 5104 2548 5132 zu
2569 5097 2613 5126 be¬

1784 5138 1903 5174 trachten
1926 5140 1985 5169 uud
2008 5138 2054 5174 sich
2077 5138 2158 5168 dabei
2181 5136 2404 5171 niedcrzusctzcn.
2427 5136 2454 5170 so
2478 5136 2533 5170 das»
2558 5136 2613 5165 »vir

1781 5177 1831 5212 ihn
1851 5183 1900 5212 zur
1918 5178 1984 5209 Eile
2000 5177 2149 5208 auireiben
2167 5176 2292 5212 mußten.
2319 5175 2394 5205 Sein
2414 5174 2615 5212 Nuhebedürs-

1783 5216 1832 5246 »18
1851 5217 1950 5247 wurde
1970 5217 2037 5247 aber
2056 5217 2157 5247 immer
2175 5214 2344 5250 dringender
2366 5214 2423 5243 und
2443 5214 2498 5243 »vir
2518 5214 2613 5244 kamen

1783 5262 1838 5286 nur
1876 5256 2006 5294 langsam
2044 5255 2198 5286 vorwärts.
2228 5254 2270 5284 Es
2291 5253 2388 5283 »vurdc
2411 5252 2469 5288 spät
2490 5253 2547 5282 uud
2568 5253 2613 5282 die

1784 5294 1888 5325 Sonne
1910 5296 2001 5330 neigte
2025 5295 2069 5330 sich
2091 5295 2180 5330 ihrem
2202 5293 2380 5327 Untergänge
2404 5297 2446 5326 zu.
2487 5291 2615 5327 Schließ¬

1783 5333 1833 5367 lich
1853 5336 1931 5364 taten
1952 5324 1997 5369 sich
2020 5333 2084 5367 noch
2104 5334 2195 5369 einige
2217 5330 2462 5367 Gletscherspalten
2483 5334 2535 5360 vor
2556 5333 2614 5360 uns

1784 5373 1842 5408 aus,
1862 5373 1908 5403 die
1930 5374 1993 5403 dem
2016 5371 2168 5407 „tüchtigen
2190 5370 2381 5406 Bergsteiger"
2406 5369 2490 5405 höchst
2513 5369 2616 5399 »vider-

2643 3809 2748 3844 wärtig
2768 3816 2803 3843 zu
2819 3810 2877 3844 sein
2898 3809 3020 3843 schienen
3038 3811 3098 3839 m»d
3119 3810 3187 3839 über
3207 3810 3252 3839 die
3272 3811 3328 3839 nür
3348 3810 3396 3846 ihn
3419 3818 3473 3840 nur

2642 3848 2695 3878 nttt
2716 3848 2785 3878 9M1
2784 3856 2807 3883 k
2830 3848 3081 3884 hinüberbrachten
3122 3849 3181 3878 »md
3205 3849 3253 3878 als
3274 3849 3329 3878 wir
3368 3849 3475 3882 endlich

2640 3894 2689 3916 am
2706 3886 2789 3921 Fuße
2805 3887 2858 3916 des
2878 3886 2998 3923 FelsonS
3015 3888 3139 3923 standen,
3157 3889 3208 3922 mtf
3224 3888 3314 3923 dessen
3334 3887 3411 3922 Höh«
3428 3888 3473 3917 die

2643 3925 2729 3960 Hütte
2753 3926 2829 3961 liegt,
2867 3926 2903 3955 da
2925 3930 2989 3955 »var
3011 3927 3058 3956 der
3098 3933 3175 3956 anne
3200 3927 3266 3956 Kerl
3290 3927 3473 3956 vollkommen

2646 3965 2770 4001 „fertig".
2808 3965 2862 3995 Di«
2890 3964 3002 4000 Führer
3030 3965 3181 4001 schleppten
3210 3965 3259 3999 ihn
3286 3966 3388 4000 hinaus
3416 3967 3474 3995 und

2645 4004 2700 4033 »vir
2745 4004 2835 4040 ttafen
2882 4004 2925 4033 bei
2971 4004 3090 4039 völliger
3136 4004 3304 4040 Dunkelheit
3351 4005 3378 4032 in
3427 4005 3474 4033 der

2644 4042 2730 4077 Hütte
2752 4043 2806 4072 ein.

2697 4081 2947 4115 Glückltchertveif«
2971 4085 3033 4111 »var
3056 4083 3094 4117 sie
3121 4082 3191 4116 nicht
3216 4082 3277 4117 sehr
3299 4082 3392 4117 besetzt
3416 4083 3473 4109 und

2644 4121 2699 4149 wir
2719 4120 2823 4156 fanden
2842 4121 2881 4150 im
2898 4121 2984 4150 ober»
3004 4120 3158 4151 Stockwerk
3175 4121 3219 4150 ein
3238 4121 3334 4150 Abteil
3355 4120 3399 4153 fiii
3416 4122 3473 4149 uns

2644 4159 2739 4188 allein.
2769 4159 2841 4194 Herr
2863 4159 2891 4189 8.
2910 4159 2974 4193 sank
3011 4161 3084 4189 den»
3106 4160 3171 4194 mlch
3211 4160 3325 4195 sogleich
3347 4160 3396 4194 aus
3417 4159 3471 4193 sein

2646 4198 2835 4234 Strohlager;
2855 4198 2910 4228 wir
2928 4198 3029 4228 deckten
3053 4199 3101 4234 ihn
3124 4202 3215 4228 »varn«
3236 4205 3269 4233 z»»
3290 4200 3347 4228 und
3368 4206 3395 4227 er
3415 4203 3473 4228 ver¬

2644 4236 2694 4272 fiel
2716 4237 2802 4273 sofort
2819 4238 2851 4266 tu
2870 4237 2954 4267 einen
2975 4237 3060 4273 tiesen
3080 4237 3187 4272 Schlaf.
3207 4238 3350 4272 Während
3369 4237 3422 4267 »vir
3441 4238 3473 4265 es

2643 4278 2703 4305 >n»S
2725 4276 2843 4310 bequem
2862 4276 2993 4311 machten,
3029 4276 3182 4306 bereiteten
3221 4276 3266 4306 die
3287 4276 3397 4311 Führer
3417 4276 3472 4304 das

2645 4314 2803 4351 Nachtessen
2831 4316 2889 4345 und
2915 4315 2975 4344 eine
3002 4315 3085 4350 halbe
3112 4316 3229 4345 SMnde
3253 4316 3344 4350 fl'ätcr
3369 4314 3472 4346 brachte

2646 4356 2704 4384 uns
2724 4354 2835 4391 Joseph
2858 4355 2919 4384 eine
2941 4354 3044 4390 schöne,
3064 4354 3274 4384 d»n,kclbra»»uc
3296 4353 3472 4389 Mehlsuppc,

2643 4393 2690 4422 die
2715 4401 2765 4428 gar
2788 4393 2897 4429 lieblich
2920 4394 3026 4428 duftct«
3050 4394 3108 4424 und
3132 4394 3264 4429 dauchste.
3298 4393 3358 4423 Wir
3382 4392 3471 4427 setzte»

2644 4434 2704 4462 ti»s
2720 4439 2773 4462 um
2791 4434 2843 4462 den
2862 4432 2996 4468 schmalen
3015 4432 3091 4468 Tisch
3108 4433 3168 4462 und
3187 4433 3279 4472 «»ctiy
3298 4432 3375 4465 Frau
3396 4431 3472 4465 füllte

2645 4472 2690 4500 die
2707 4471 2814 4506 großen
2830 4470 2923 4502 Teller
2940 4471 2987 4501 bis
3003 4478 3069 4507 zim»
3083 4472 3194 4502 Rande.
3217 4471 3261 4501 ES
3277 4472 3366 4507 kostete
3382 4470 3471 4504 einige

2647 4510 2739 4544 Mühe
2763 4512 2815 4541 den
2841 4511 3051 4546 schnarchenden
3074 4510 3224 4546 Jüngling
3248 4511 3297 4546 aus
3319 4511 3361 4539 die
3382 4508 3471 4538 Beine

2647 4556 2681 4583 m
2705 4550 2835 4586 bringen.
2868 4549 3085 4585 Schlaftrunken
3111 4550 3244 4580 tcumieltc
3268 4557 3295 4578 er
3319 4555 3355 4577 an
3378 4547 3469 4581 seinen

2646 4588 2734 4625 Platz,
2755 4595 2805 4618 ,mr
2827 4589 2872 4624 sich
2893 4590 2943 4624 aus
2965 4589 3058 4624 seinen
3083 4588 3211 4622 Scheine!
3247 4586 3470 4621 »ttodcrzulassen.

2644 4628 2723 4657 Aber
2737 4628 2794 4663 ach!
2812 4628 2898 4658 Bein»
2915 4628 3100 4664 Niedersitzen
3117 4628 3246 4662 beriihrtc
3263 4634 3291 4655 er
3303 4627 3355 4655 mit
3371 4625 3470 4661 seinem

2647 4667 2716 4697 Nock
2731 4668 2784 4697 den
2803 4667 2890 4697 Rand
2907 4668 2960 4697 des
2977 4667 3104 4701 Tellers;
3121 4667 3208 4701 dieser
3227 4666 3311 4700 kippte
3328 4664 3396 4693 über
3414 4666 3470 4691 und

2647 4706 2753 4741 Natsch!
2792 4707 2828 4735 da
2866 4706 2914 4742 lag
2936 4706 2980 4736 die
2999 4705 3131 4743 schwarze
3154 4704 3318 4739 Mehlsupp«
3341 4703 3388 4737 aus
3409 4705 3470 4730 dem

2646 4745 2736 4780 Hellen
2766 4744 2954 4781 Sportanzug
2979 4746 3037 4775 »md
3064 4745 3123 4781 floß
3150 4745 3177 4774 in
3205 4743 3309 4774 breiten
3334 4741 3469 4771 Ströme»

2647 4783 2717 4814 über
2738 4785 2783 4813 die
2808 4783 2967 4820 Kniehosen
2991 4785 3048 4814 und
3071 4785 3114 4814 die
3136 4783 3254 4818 schöne»,
3279 4780 3381 4810 bunten
3405 4779 3470 4808 Wa-

2648 4823 2836 4860 deustriimps«
2876 4824 2964 4859 hinab
3000 4824 3050 4859 ans
3087 4824 3131 4853 die
3170 4820 3317 4857 hellgelbe»
3348 4817 3469 4849 Schuhe!

2648 4862 2802 4898 Trübselig
2836 4863 2976 4897 verzehrte
3014 4864 3062 4892 der
3096 4860 3264 4892 Täioivierte
3302 4858 3354 4893 sein
3374 4856 3470 4891 Nacht¬

2649 4901 2728 4937 esse»,
2747 4903 2827 4932 daun
2850 4902 2922 4935 kroch
2941 4910 2970 4932 er
2990 4902 3094 4932 »vieder
3114 4901 3143 4929 i»
3165 4899 3219 4934 sei»
3240 4897 3339 4931 Stroh.
3358 4911 3392 4918 —

2702 4941 2756 4970 Um
2794 4943 2811 4970 3
2832 4941 2891 4975 Uhr
2913 4941 3030 4971 wurden
3052 4940 3107 4969 »vir
3127 4936 3242 4973 gcivcckt.
3288 4936 3345 4965 Der
3366 4935 3471 4964 Dottor

2650 4981 2707 5009 »md
2727 4980 2763 5015 ich
2780 4984 2876 5010 »varcu
2897 4980 2963 5009 bald
2980 4977 3176 5013 marschbereit.
3202 4975 3260 5008 El>e
3280 4974 3335 5004 »vir
3351 4973 3473 5008 hinaus-

2650 5019 2764 5054 glnge»,
2796 5019 2931 5055 schiittelte
2964 5018 2998 5049 ich
3029 5018 3080 5047 den
3110 5014 3276 5050 schlaseuden
3308 5011 3471 5048 Jüngling:

2651 5057 2778 5094 „Stehen
2805 5058 2860 5088 Sie
2884 5058 2942 5093 auf,
2968 5059 2999 5087 cü
3024 5055 3085 5091 geht
3107 5054 3157 5087 ans
3178 5054 3232 5082 de»
3258 5051 3370 5087 Besso!"
3415 5051 3472 5081 El»

2650 5097 2785 5132 dtmrpscs
2809 5097 2944 5130 Grunzen
2969 5099 3029 5125 »var
3052 5094 3095 5122 die
3118 5092 3224 5126 einzige
3249 5090 3391 5120 Antwort.
3433 5090 3473 5120 Er

2650 5136 2745 5171 drehte
2767 5136 2813 5172 sich
2832 5136 2881 5172 a»tf
2900 5136 2944 5165 die
2964 5134 3062 5162 andere
3084 5131 3164 5161 Seite
3184 5131 3241 5159 und
3262 5128 3348 5164 schlief
3367 5129 3473 5159 »vcitcr.

2650 5174 2708 5205 Als
2732 5176 2787 5205 »vir
2810 5177 2865 5205 ans
2886 5174 2934 5205 der
2954 5171 3037 5206 Hütte
3061 5171 3159 5202 träte»,
3182 5173 3278 5198 »varei»
3299 5168 3344 5198 di«
3366 5168 3473 5198 Sterne

2651 5220 2699 5244 am
2723 5214 2887 5250 Verblassen
2928 5213 2982 5240 und
3023 5209 3065 5238 die
3089 5209 3153 5244 erste
3178 5207 3250 5238 Röte
3290 5207 3343 5236 des
3368 5206 3472 5242 jungen

2652 5253 2796 5289 Morgens
2817 5252 2903 5288 färbte
2922 5250 2965 5278 die
2987 5248 3097 5282 Spitzen
3113 5247 3162 5277 der
3181 5246 3281 5283 Berge.
3311 5246 3474 5277 Wolkenlos

2654 5292 2770 5327 spannte
2806 5292 2851 5326 sich
2871 5292 2918 5319 der
2938 5286 3061 5323 Himmel
3083 5285 3152 5316 Über
3172 5288 3232 5315 »uS
3251 5286 3311 5315 und
3334 5284 3475 5320 versprach

2653 5331 2734 5362 einen
2759 5330 2868 5366 schönen
2891 5327 2961 5363 Tag.
3183 5324 3302 5361 (Schl'tß
3328 5324 3418 5361 folgt.)
