3975 5551
189 117 271 173 M
301 113 433 175 173
473 113 747 189 Zweites
791 109 1201 175 AvendblM»
1515 105 1597 179 9»
1631 105 1791 179 Iiilchtk
1825 105 1989 179 Itümg
2021 103 2115 167 118.
2147 105 2365 181 JeWitz.
2691 105 3115 181 Donnerstag,
3147 107 3247 173 34
3299 105 3463 181 J«ni
3493 103 3673 167 1897
3673 141 3693 165 .

196 252 1020 644 Neue
1124 244 3684 732 Mcher-Zeitum

359 766 779 802 AbounewentS-reise.
813 771 933 794 »mmt.
954 771 1075 795 enmtc.

178 799 269 828 8«tH
285 802 347 823 tstnn
361 802 393 825 bit
406 803 500 830 gtltung
513 803 610 831 abg-b»«
622 803 676 826 wir»
701 814 776 827 ...
809 799 849 827 fft.
862 801 883 822 5.
895 800 923 822 80
948 798 987 825 fft.
1001 801 1033 823 10.
1048 810 1071 817 -

214 828 249 850 bo.
288 828 335 851 in'l
349 829 413 855 Hau»
428 830 830 858 gebracht..
858 828 879 848 6.
894 836 918 843 —
960 841 972 853 .
1000 828 1033 849 11.
1046 827 1073 848 60

179 853 293 882 Lchwet,
316 855 434 884 Sestillung
447 856 498 878 beim
512 853 922 882 Postbureau.0.60
962 854 1074 879 .12.60

232 883 265 904 bo.
315 883 355 905 mit
370 884 439 911 Bnug
453 884 516 906 unter
528 881 680 908 Privaiabrefle
699 893 829 905 ....
858 880 879 902 s.
895 888 919 897 —
961 894 972 906 .
1001 881 1035 903 1».
1049 889 1073 897 —

180 902 366 935 Deutjchlanb
387 909 507 937 vestellun,
528 910 582 932 beim
594 908 710 935 Postamt.
736 921 743 929 .
769 920 777 928 .
799 904 845 928 SW.
858 907 879 928 6.
894 916 919 923 —

179 935 465 964 Oesterreich.Ungarn

739 933 763 960 fl.
777 932 797 956 6,
811 933 845 954 w.
859 934 879 954 5.
894 934 921 954 06

1302 826 1442 954 nnü
1498 818 2038 982 WchcGes
2090 822 2602 978 {jmibdsblntt.

262 1018 404 1052 Lonballestr.
422 1016 720 1052 WedaKtionrvureau
739 1016 846 1044 Sbthestr.
862 1019 888 1039 10

3092 754 3461 792 JafertiouSpreiser

3029 794 3070 820 Per
3082 796 3204 823 einspaltige
3213 796 3315 822 Pestiieile
3328 796 3375 817 ober
3387 795 3445 816 beren
3460 792 3529 815 «a««

2965 819 2997 872 S
2997 826 3003 843 r
3018 822 3049 843 bi-
3063 822 3152 847 Echwei,
3166 826 3194 845 26
3209 823 3262 846 «».,
3282 823 3317 848 sSr
3331 823 3370 843 da,
3385 821 3481 843 «luNanb
3494 821 3520 841 40
3533 816 3587 841 Li«.

3003 848 3050 871 Li«,
3058 850 3116 876 l-rcl.
3125 850 3222 880 yinan,.
3231 856 3251 871 u.
3258 848 3466 878 Tbiffre-Unjeigen.
3473 845 3537 873 sowie
3544 845 3559 872 s.
3567 843 3660 868 «rtirn.s

3118 876 3235 898 Reelamen
3246 876 3285 902 Fr.
3297 877 3339 897 1.—
3349 878 3389 901 per
3396 874 3463 900 8«tle.

3089 906 3202 932 Alleinige
3217 906 3352 931 Inseraten.
3361 905 3441 930 Aaaab
3443 908 3487 926 «,:

2961 948 2998 957 —
3134 936 3289 965 Rudolf
3304 936 3340 964 H
3343 943 3431 964 0880
3458 937 3546 966 _“

2836 974 3079 1004 Lunonein-Lipebitton
3099 977 3134 1002 für
3147 977 3187 997 alle
3202 976 3359 1003 schwesterlichen
3377 976 3419 996 unb
3434 974 3587 1001 auNLabischen

3040 1009 3054 1030 6
3067 1007 3208 1033 Lonballestr.
3233 1004 3329 1037 Zürich
3355 1006 3461 1033 Tbtb-str.
3475 1006 3501 1027 10

174 1114 246 1167 Ans
262 1116 320 1160 den
337 1114 589 1168 Ntlhan-lungen
606 1114 660 1158 der
674 1112 1029 1165 Kun-tsversamnilung.

423 1176 781 1213 (Privattelegramm.)

468 1233 748 1266 Nationalrat.

663 1288 699 1318 8.
718 1287 840 1320 Bern.
859 1289 903 1315 24.
921 1286 1002 1321 Juni.

230 1327 603 1364 Krankenversicherung.
654 1328 712 1356 Der
749 1326 807 1356 Rat
851 1326 948 1355 kommt
991 1325 1039 1358 auf

178 1368 275 1398 Artikel
295 1371 329 1396 37
349 1368 444 1402 zurück.
463 1369 522 1397 Der
540 1368 664 1400 Referent
681 1366 828 1400 Forrer
841 1365 976 1400 beantragt
986 1366 1041 1394 Ab¬

175 1408 295 1442 lehnung
315 1406 363 1436 des
381 1408 518 1441 Antrages
536 1407 630 1440 Ming.
667 1405 726 1435 Der
754 1405 943 1439 Antragsteller
974 1405 1041 1439 stellt

177 1447 234 1475 eine
253 1447 304 1475 viel
324 1446 431 1481 größere
450 1447 522 1482 Zahl
541 1454 593 1476 von
608 1445 817 1480 Erfordernissen
836 1445 879 1477 für
890 1445 938 1474 den
947 1445 1040 1474 Ueber-

177 1486 234 1516 tritt
252 1490 306 1516 aus
327 1486 371 1516 der
388 1486 634 1521 Halbversicherung
671 1486 700 1515 in
732 1485 771 1515 die
799 1485 1039 1520 Vollversicherung

177 1527 226 1556 auf
246 1528 289 1556 als
309 1526 348 1556 die
367 1527 552 1562 Kommission.
588 1527 631 1556 Es
667 1525 757 1556 würde
782 1526 827 1555 der
846 1526 883 1555 im
902 1526 1041 1559 Entwürfe

179 1567 385 1602 niedcrgelegten
403 1567 472 1602 Idee
490 1569 535 1597 der
545 1567 728 1603 Freizügigkeit
740 1566 943 1601 widersprechen,
962 1574 1040 1596 wenn

179 1615 245 1637 man
264 1608 314 1637 den
333 1608 436 1642 Antrag
457 1608 596 1644 annähme.
619 1608 730 1642 Ming
749 1607 814 1642 zieht
832 1607 917 1640 seinen
936 1607 1040 1641 Antrag

178 1647 272 1682 zurück.
292 1648 373 1682 Ohne
391 1648 550 1683 Diskussion
560 1648 663 1678 werden
673 1648 769 1677 Artikel
780 1650 814 1676 62
825 1651 877 1682 ter,
897 1650 930 1675 52
940 1651 1042 1683 quater

177 1688 234 1717 und
254 1691 288 1716 53
309 1689 510 1724 angenommen.
528 1689 672 1724 Forrer
690 1687 806 1718 referiert
823 1688 887 1716 über
897 1687 993 1717 Artikel
1004 1691 1038 1716 54

181 1727 224 1756 bis
243 1730 286 1757 63.
324 1728 369 1763 Zu
388 1728 511 1763 Gunsten
543 1729 586 1757 der
605 1728 694 1762 Aerzte
714 1728 769 1756 und
788 1727 932 1761 Apotheker
950 1727 982 1760 ist
1001 1727 1042 1756 die

180 1767 368 1802 Bcstinimung
386 1768 599 1802 aufgcnommen,
638 1768 689 1800 daß
727 1767 781 1802 ihre
800 1767 974 1801 Rechnungen
993 1767 1043 1795 den

180 1807 384 1842 Krankenkassen
403 1808 481 1838 direkt
499 1807 651 1843 eingegeben
670 1807 780 1836 werden.
808 1807 861 1836 Die
881 1807 969 1842 Aerzte
988 1807 1043 1836 und

181 1847 327 1882 Apotheker
346 1847 428 1883 haben
448 1848 498 1879 alle
519 1848 631 1884 Ursache,
650 1848 699 1878 mit
718 1848 762 1878 der
777 1846 895 1882 Vorlage
913 1847 1043 1883 zufrieden

181 1895 214 1923 zu
233 1887 295 1921 sein.

238 1928 263 1957 B
275 1936 291 1957 o
301 1928 311 1957 i
321 1936 338 1958 n
349 1936 366 1958 a
376 1937 391 1963 y
411 1929 553 1964 begründet
570 1929 656 1963 seinen
676 1930 789 1963 Antrag.
826 1928 923 1958 Artikel
941 1931 976 1956 60
996 1928 1043 1957 des

180 1968 524 2004 Kommissionsvorschlags
544 1969 685 2004 bestimmt:
706 1969 857 2004 Derjenige,
871 1969 916 1997 der
938 1968 984 2002 sich
1003 1968 1043 1996 die

181 2008 322 2043 Krankheit
342 2009 416 2043 durch
436 2010 477 2039 ein
496 2009 654 2044 Verbrechen
678 2010 740 2039 oder
758 2009 895 2044 Vergehe»
915 2008 976 2037 oder
994 2008 1043 2040 auf

182 2048 316 2083 arglistige
335 2049 418 2083 Weise
449 2056 590 2084 zugezogcn
623 2050 676 2085 hat,
713 2050 807 2079 kann
838 2049 887 2078 mit
918 2049 1044 2083 Bezug

182 2088 245 2118 aus
269 2088 371 2123 diese
399 2089 609 2125 Krankheit
639 2090 703 2119 des
735 2089 947 2124 Anspruchs
979 2089 1045 2121 auf

182 2128 240 2156 die
270 2128 296 2158 K
305 2136 321 2157 a
332 2128 341 2162 s
352 2128 363 2162 s
372 2136 384 2158 e
394 2137 412 2158 n
422 2129 432 2158 l
444 2137 456 2158 e
466 2129 474 2158 i
484 2129 504 2164 st
516 2137 534 2159 u
544 2138 561 2159 n
572 2139 587 2164 g
598 2137 610 2158 e
621 2138 639 2158 n
669 2137 734 2164 ganz
766 2129 828 2158 oder
851 2128 969 2162 teilweise
988 2135 1045 2157 ver¬

181 2167 260 2203 lustig
280 2168 374 2199 erklärt
391 2169 503 2199 werden.
541 2170 725 2205 Demjenigen,
756 2169 859 2203 welcher
888 2169 928 2198 die
944 2168 1045 2199 Krank¬

183 2208 236 2242 heit
255 2209 331 2244 durch
350 2217 419 2244 zwar
439 2210 504 2244 nicht
524 2210 657 2246 strafbare,
680 2209 764 2245 jedoch
795 2209 936 2244 immerhin
967 2209 1046 2243 grobe

179 2248 381 2283 Fahrlässigkeit
399 2250 553 2285 verschuldet
572 2250 626 2286 hat,
658 2250 753 2279 kann
784 2249 836 2279 das
866 2249 1045 2283 Krankengeld

183 2288 225 2317 bis
245 2289 293 2321 auf
312 2289 351 2318 die
370 2289 460 2324 Hälfte
478 2290 577 2325 gekürzt
596 2291 709 2320 werden.
747 2290 806 2319 Der
838 2289 942 2319 Redner
968 2289 1045 2318 bean¬

181 2330 253 2362 tragt
271 2336 329 2358 nun
348 2329 466 2364 folgende
485 2331 610 2365 strengere
630 2330 766 2366 Fassung:
790 2329 958 2365 „Derjenige,
978 2330 1040 2358 wel¬

183 2369 236 2402 cher
253 2368 300 2403 sich
320 2369 359 2398 die
377 2370 518 2406 Krankheit
536 2371 610 2405 durch
630 2379 671 2400 cm
698 2369 854 2404 Verbrechen
886 2371 946 2399 oder
978 2370 1044 2400 Ver¬

183 2409 272 2443 gehen,
293 2409 354 2439 oder
373 2411 419 2443 auf
438 2411 568 2446 arglistige
600 2410 683 2444 Weise
714 2418 855 2446 zugezogen
888 2409 940 2445 hat,
973 2411 1046 2447 geht

182 2448 233 2479 mit
250 2449 340 2485 Bezug
361 2451 406 2481 auf
425 2451 489 2485 diese
509 2450 651 2486 Krankheit
668 2451 715 2480 des
735 2450 898 2485 Anspruches
929 2451 976 2481 auf
1005 2451 1045 2479 die

182 2489 422 2525 Kasscnlcistungen
460 2493 624 2528 verlustig.
662 2492 726 2521 Das
763 2491 888 2524 nämliche
925 2490 1044 2525 geschieht

182 2529 326 2563 gegenüber
345 2530 442 2564 solchen
466 2531 608 2567 Personen,
640 2531 728 2564 welche
758 2531 804 2564 sich
836 2531 875 2559 die
904 2530 1045 2565 Krankheit

182 2569 258 2603 durch
277 2578 347 2604 zwar
366 2571 430 2605 nicht
450 2571 580 2607 strafbare,
599 2571 683 2607 jedoch
702 2570 842 2605 immerhin
862 2571 938 2605 grobe
958 2571 1044 2606 Fahr¬

182 2609 307 2644 lässigkeit
330 2617 471 2646 zugezogen
502 2612 612 2646 haben."
651 2611 781 2645 Voinay.
792 2611 907 2640 erinnert
937 2618 972 2639 an
1004 2611 1045 2638 die

182 2650 266 2679 vielen
305 2651 650 2686 Sclbstverstümmlungen,
687 2652 768 2680 denen
805 2658 870 2679 man
901 2650 949 2679 mit
981 2650 1047 2678 aller

182 2690 297 2724 Energie
317 2692 522 2725 entgegentreten
541 2692 615 2725 muß.
642 2691 713 2721 Vom
734 2690 910 2725 Standpiuikt
928 2689 972 2719 der
990 2698 1047 2724 per¬

181 2727 309 2763 sönlichen
333 2730 598 2764 Verantwortlichkeit
629 2731 660 2764 ist
692 2731 735 2759 der
766 2731 871 2764 Antrag
902 2730 974 2764 wohl
1005 2730 1045 2758 be¬

183 2769 304 2804 gründet.
341 2769 407 2799 Eine
427 2770 623 2805 Vestinunnng,
653 2770 701 2799 wie
731 2769 766 2803 sie
793 2770 837 2799 der
856 2769 1046 2803 Antragsteller

184 2809 334 2844 vorschlägt,
355 2809 435 2843 findet
454 2810 498 2844 sich
520 2811 557 2840 bei
575 2810 646 2840 allen
665 2809 774 2844 Versichi
782 2809 1044 2843 rungsprivatgcsell-

183 2849 294 2883 schasten
314 2850 369 2879 und
387 2850 426 2879 bei
446 2850 493 2879 den
514 2850 592 2882 freien
612 2849 715 2883 Kassen.
752 2849 791 2879 Er
810 2849 892 2884 zitiert
909 2857 930 2883 z.
949 2849 985 2878 B.
1005 2848 1045 2877 die

185 2889 402 2925 Bestimmungen
428 2891 472 2919 der
490 2889 935 2924 Unfallversicherungsgesellschaft.
972 2888 1046 2923 Hü¬

184 2930 222 2958 be
234 2931 265 2959 rl
277 2930 314 2959 in
332 2930 478 2965 unterstützt
497 2930 607 2965 Boinay
627 2930 670 2961 für
690 2930 740 2960 das
760 2930 821 2963 erste
846 2929 949 2962 Alinea,
981 2928 1048 2962 nicht

183 2969 245 2999 aber
264 2970 315 2999 das
334 2971 428 3005 zweite.
460 2971 501 3001 Es
523 2971 615 3004 besteht
633 2971 674 3000 ein
694 2969 787 3005 großer
806 2969 962 3004 Unterschied
987 2969 1047 3003 zwi¬

183 3010 252 3045 schen
272 3011 370 3045 Arglist
390 3010 447 3040 und
466 3010 672 3046 Fahrlässigkeit.
766 3039 769 3042 ,

239 3050 451 3086 Cointesse:
479 3050 588 3085 Boinay
608 3050 672 3085 will,
703 3050 753 3085 baß
774 3050 814 3079 die
833 3048 1047 3084 Verlustigerklä-

184 3098 253 3125 rung
273 3090 451 3125 obligatorisch
477 3091 575 3123 anstatt
602 3091 739 3121 fakultativ
767 3090 810 3125 sei.
848 3091 887 3120 Er
914 3090 970 3119 will
993 3090 1049 3123 also

184 3131 225 3160 die
244 3131 417 3166 Verhältnisse
437 3132 483 3160 des
507 3132 638 3166 einzelnen
659 3131 753 3166 Falles
781 3130 847 3164 nicht
871 3130 1050 3164 berücksichtigt

184 3171 282 3205 wissen.
319 3171 391 3201 Man
419 3171 468 3206 soll
495 3171 556 3201 aber
574 3171 625 3201 den
643 3171 738 3205 Kassen
757 3170 911 3205 überlassen,
938 3171 976 3200 im
995 3171 1050 3200 ein¬

183 3214 272 3247 zelnen
292 3212 366 3246 Falle
383 3219 416 3247 zu
435 3211 596 3246 entscheiden.
633 3211 674 3241 Es
694 3211 748 3245 gibt
766 3211 827 3244 freie
844 3211 947 3246 Kassen,
961 3212 1051 3245 welche

186 3254 235 3282 den
255 3252 388 3286 Vorstand
408 3252 580 3288 verpflichten,
607 3251 682 3281 einen
702 3250 853 3285 Verbrecher
881 3252 925 3280 der
942 3251 1050 3286 Kassen-

185 3293 331 3327 leistnngen
351 3293 472 3327 verlustig
500 3300 533 3328 zu
559 3292 682 3322 erklären.
720 3291 759 3321 Es
779 3291 850 3320 wäre
878 3292 927 3327 zu!
934 3292 1051 3327 rigoros,

186 3333 249 3362 eben
267 3332 295 3366 so
315 3333 374 3362 weit
390 3340 422 3367 zu
442 3332 531 3367 gehen.
567 3332 729 3367 Forrer:
748 3330 811 3366 Hier
830 3330 915 3365 stehen
933 3331 984 3360 wir
1002 3339 1051 3360 vor

186 3372 256 3401 einer
274 3371 330 3407 sehr
349 3372 480 3407 wichtigen
492 3371 686 3406 Bestimmung,
705 3378 753 3400 vor
772 3371 816 3399 der
826 3371 964 3405 Regelung
978 3370 1050 3400 eines

185 3412 452 3448 Hauptgrundsatzes.
487 3413 539 3446 Im
558 3411 716 3447 Haftsystem
745 3410 833 3444 befreit
854 3410 925 3445 jedes
945 3411 1050 3445 Selbst¬

187 3453 349 3486 verschulden
369 3453 415 3482 des
434 3452 548 3487 Klägers
567 3453 595 3480 in
616 3452 757 3486 Ansehung
777 3451 824 3481 des
842 3451 981 3485 Schadens
1000 3452 1050 3480 den

187 3493 330 3526 Beklagten
350 3500 401 3522 von
421 3492 466 3523 der
483 3491 644 3527 Haftpflicht.
681 3492 751 3522 Aber
769 3492 862 3526 gerade
894 3492 934 3521 die
951 3491 1050 3526 schlim¬

187 3540 248 3562 men
267 3533 465 3569 Erfahrungen,
497 3533 537 3562 die
555 3540 620 3562 man
640 3532 688 3562 mit
708 3531 784 3566 dieser
804 3532 881 3563 Seite
910 3532 953 3561 der
972 3533 1049 3566 Haft¬

187 3573 274 3608 pflicht
293 3573 404 3609 gemacht
423 3575 477 3609 hat,
501 3581 589 3603 waren
609 3573 649 3602 die
668 3572 873 3608 Veranlassung,
905 3573 954 3602 das
973 3573 1051 3607 Haft-

187 3613 365 3649 pflichtsystem
395 3614 424 3643 in
456 3615 507 3644 das
536 3613 829 3649 Versicherungssystem
861 3613 1050 3648 umzuändern.

187 3654 247 3685 Mit
285 3654 328 3683 der
366 3654 515 3690 bisherigen
545 3654 658 3684 Einrede
694 3654 740 3683 des
779 3653 1051 3688 Selbstverschuldens

189 3695 299 3729 bringen
319 3695 368 3725 wir
386 3695 451 3725 viele
469 3694 603 3730 Familien
628 3695 656 3724 in
676 3694 841 3729 ungeheures
861 3694 954 3724 Elend.
992 3694 1053 3724 Wir

189 3735 273 3769 haben
293 3735 333 3764 die
353 3736 456 3771 Pflicht,
484 3736 535 3766 das
554 3743 585 3771 zu
605 3735 775 3770 beschränken.
813 3735 913 3765 Würde
931 3735 976 3764 der
994 3735 1052 3765 An¬

189 3778 248 3809 trag
267 3774 378 3810 Voinay
410 3783 613 3810 angenommen,
644 3775 670 3809 so
704 3775 772 3810 hätte
804 3775 844 3805 die
863 3775 974 3805 Einrede
1005 3775 1052 3805 des

190 3815 462 3850 Sclbstverschuldens
481 3817 521 3845 die
540 3816 629 3851 gleiche
643 3815 800 3850 Bedeutung
819 3816 867 3845 wie
888 3816 969 3849 heute.
987 3815 1053 3846 Das

191 3864 244 3886 von
263 3857 307 3886 der
325 3855 501 3890 Kommission
522 3863 727 3891 angenommene
738 3856 850 3891 System
870 3856 915 3891 hat
932 3856 1054 3891 folgende

190 3897 365 3930 Bedeutung:
396 3896 460 3926 Wer
491 3897 566 3930 durch
596 3897 696 3929 leichtes
715 3896 887 3931 Verschulden
907 3896 983 3926 krank
1011 3904 1052 3931 ge¬

189 3937 306 3972 worden,
324 3936 356 3971 ist
374 3936 452 3972 gleich
470 3937 590 3971 gehalten
609 3937 657 3966 wie
677 3937 728 3971 der,
747 3937 851 3969 welcher
870 3937 945 3972 durch
958 3937 1054 3973 Zufall

189 3976 265 4006 krank
285 3977 430 4011 geworden.
468 3977 519 4007 Bei
538 3976 629 4012 grober
644 3976 844 4012 Fahrlässigkeit
861 3977 919 4007 tritt
936 3977 991 4006 eine
1011 3985 1053 4012 ge¬

189 4016 259 4051 wisse
288 4017 497 4053 Einschränkung
527 4018 576 4047 ein.
623 4017 710 4047 Wenn
736 4017 776 4046 ein
805 4016 962 4051 Verbrechen
992 4018 1054 4047 oder

190 4058 326 4093 Vergehen
345 4059 465 4093 vorliegt,
495 4058 523 4092 so
542 4057 608 4087 wird
631 4058 660 4087 in
679 4057 723 4087 der
742 4057 825 4092 Regel
844 4065 892 4092 gar
912 4057 992 4092 nichts
1012 4065 1053 4093 ge-

191 4098 311 4133 gegeben.
348 4099 397 4129 Bei
417 4098 510 4134 grober
528 4098 726 4134 Fahrlässigkeit
753 4098 808 4133 gibt
832 4105 897 4127 man
917 4098 1053 4134 Arzneien,

190 4138 305 4174 verkürzt
335 4139 396 4168 aber
414 4140 466 4169 das
483 4138 672 4174 Krankengeld.
710 4138 750 4168 Es
781 4137 862 4172 sollen
894 4145 950 4167 nun
979 4140 1053 4169 Aus¬

190 4180 307 4215 nahmen
324 4180 468 4215 zugelassen
499 4179 611 4216 werden,
642 4179 708 4209 weil,
728 4178 768 4209 die
796 4179 951 4214 Erfahrung
982 4180 1053 4216 zeigt,

191 4220 244 4255 daß
271 4220 333 4254 auch
353 4220 416 4256 diese
435 4220 518 4255 Regel
537 4222 580 4250 der
604 4219 868 4255 Verantwortlichkeit
895 4227 926 4255 zu
954 4220 1053 4254 großen

190 4261 294 4296 Härten
312 4261 392 4295 führt.
431 4261 519 4292 Wenn
539 4261 582 4291 der
601 4261 807 4297 Failülienvater
831 4260 877 4295 sich
897 4260 1054 4297 versündigt,

190 4301 219 4335 so
239 4300 322 4330 leiden
342 4301 467 4331 darunter
494 4301 561 4336 seine
579 4301 797 4337 Hinterlassenen.
834 4301 884 4330 Um
904 4308 960 4331 nun
979 4301 1054 4331 Aus¬

191 4341 308 4376 nahmen
326 4341 479 4377 zuzulassen,
510 4342 554 4376 hat
581 4349 646 4372 inan
665 4342 714 4372 den
733 4341 869 4372 Ausdruck
892 4341 992 4377 „kann"
1013 4350 1055 4377 ge¬

191 4382 284 4417 wühlt.
321 4382 378 4412 Der
396 4381 501 4412 Redner
521 4381 658 4416 beantragt
684 4382 844 4418 Ablehnung
868 4382 915 4412 des
934 4383 1055 4417 Antrags

193 4422 312 4457 Boinay.
355 4422 383 4452 S
393 4422 419 4457 ch
429 4430 456 4452 m
466 4422 475 4451 i
485 4422 501 4451 d
521 4422 593 4458 (Uri)
622 4421 716 4456 möchte
735 4423 844 4457 Boinay
873 4423 928 4453 eine
945 4423 1055 4459 Konzes¬

192 4463 250 4498 sion
269 4462 380 4497 machen.
418 4463 476 4493 Der
495 4463 600 4493 Redner
620 4463 676 4498 hält
695 4465 724 4492 es
743 4462 787 4494 für
805 4463 1056 4501 selbstverständlich,

193 4504 245 4538 daß
264 4503 305 4533 die
322 4503 560 4539 Kassenleistungen
579 4505 640 4538 trotz
659 4503 757 4537 leichter
778 4502 977 4539 Fahrlässigkeit
989 4505 1056 4542 nicht

192 4546 314 4575 verloren
332 4546 421 4581 gehen.
459 4544 509 4576 Bei
546 4544 638 4579 grober
656 4543 863 4580 Fahrlässigkeit,
895 4545 972 4577 deren
1004 4548 1056 4578 Be¬

193 4586 255 4621 griff
274 4586 322 4621 erst
342 4586 417 4621 durch
438 4585 475 4616 die
495 4585 596 4621 Praxis
616 4585 746 4621 festgesetzt
764 4584 868 4618 werden
887 4586 945 4622 soll,
958 4587 1056 4618 nimnit

193 4626 304 4661 Boinay
324 4627 373 4656 den
391 4626 533 4657 Gedanken
553 4628 596 4656 der
615 4626 767 4664 Haftpflicht
794 4627 850 4663 auf,
877 4627 925 4661 auf
943 4627 992 4656 den
1012 4628 1056 4657 der

193 4665 300 4696 Redner
318 4666 382 4701 nicht
400 4667 526 4700 eintreten
555 4668 632 4700 kann.
678 4669 718 4700 Er
747 4669 894 4704 beantragt,
923 4668 1020 4698 Alinea
1039 4671 1056 4697 2

192 4706 259 4741 nicht
277 4707 340 4741 nach
359 4708 416 4739 dem
427 4709 531 4746 Antrag
542 4711 650 4746 Boinay
669 4710 859 4746 anzunehmen.
877 4709 920 4744 In
929 4709 1027 4739 Alinea
1041 4712 1054 4737 1

192 4748 226 4785 ist
243 4748 284 4780 die
302 4749 453 4783 fakultative
470 4751 744 4787 Verlustigerklärung
763 4751 808 4781 der
817 4750 1056 4785 Kassenleistungen

194 4791 321 4827 statuiert.
349 4791 407 4821 Der
425 4791 531 4822 Redner
548 4792 644 4827 möchte
662 4793 714 4823 das
732 4792 935 4827 Obligatorium
956 4791 1055 4827 grund¬

193 4832 288 4867 sätzlich
307 4832 464 4867 aufnehmen
492 4832 553 4867 nach
582 4833 640 4862 dem
659 4834 763 4868 Antrag
784 4832 903 4868 Boinay.
939 4832 994 4862 Die
1011 4839 1055 4868 zu¬

194 4872 312 4908 ständige
330 4874 451 4909 Behörde
468 4873 537 4903 kann
555 4872 617 4903 aber
636 4873 798 4910 entscheiden,
817 4873 869 4908 daß
888 4873 928 4903 die
943 4873 1056 4904 Verkür¬

193 4920 261 4949 zung
281 4921 334 4943 nur
353 4914 406 4944 eine
424 4914 544 4949 teilweise
562 4913 605 4950 sei.
641 4913 801 4950 Forrer:
830 4913 901 4948 Nach
920 4913 978 4943 dem
997 4915 1055 4944 An¬

192 4956 252 4988 trag
272 4953 382 4988 Schmid
401 4955 467 4991 muß
486 4955 580 4985 immer
599 4962 641 4984 em
659 4953 773 4989 gewisser
783 4954 874 4989 Abzug
894 4954 1054 4990 stattfinden.

193 4995 253 5025 Der
271 4994 375 5025 Redner
393 4995 441 5031 hat
458 5003 537 5031 gegen
555 4995 596 5025 die
615 4994 759 5026 Redaktion
779 5002 833 5024 von
847 4994 958 5028 Schmid
972 4995 1054 5031 nichts

193 5036 383 5072 einzuwenden.
405 5036 450 5072 In
469 5037 515 5066 der
533 5036 717 5071 Abstimmung
735 5035 802 5065 wird
823 5035 920 5066 Artikel
939 5038 974 5064 60
993 5037 1054 5070 nach

193 5076 252 5107 dem
271 5078 375 5113 Antrag
395 5078 441 5108 der
457 5077 633 5112 Kommission
653 5083 857 5112 angenommen.

248 5118 345 5148 Artikel
363 5122 395 5148 61
417 5120 515 5150 lautet:
543 5120 656 5156 „Einem
674 5118 812 5155 Mitglied,
841 5117 945 5153 welches
974 5118 1055 5148 wider

193 5156 301 5192 besseres
311 5158 409 5193 Wissen
428 5160 482 5189 eine
503 5168 550 5195 gar
567 5160 635 5196 nicht
653 5159 715 5190 oder
732 5159 798 5194 nicht
816 5159 890 5192 mehr
909 5158 1054 5194 bestehende

191 5197 332 5233 Krankheit
375 5199 510 5234 vorschützt
556 5202 613 5231 und
662 5200 773 5235 dadurch
796 5200 1054 5237 (Kassenleistungen

192 5238 301 5275 erwirkt,
320 5238 387 5269 kann
407 5240 488 5274 außer
509 5241 552 5270 der
570 5241 766 5277 Verpflichtung
785 5249 845 5277 zum
865 5241 950 5276 Ersatz
975 5240 1056 5275 dieser

191 5279 346 5313 Leistungen
377 5279 418 5309 ein
438 5280 579 5315 Strafgeld
611 5280 654 5310 bis
672 5281 721 5315 auf
743 5283 793 5311 den
824 5281 932 5317 gleichen
952 5282 1054 5317 Betrag

190 5320 319 5356 auferlegt
349 5320 459 5351 werden.
504 5321 556 5351 Ein
584 5321 678 5357 solches
710 5322 839 5357 Mitglied
871 5322 975 5353 verliert
1004 5324 1053 5353 den

1080 1087 1211 1123 Anspruch
1228 1086 1276 1116 auf
1293 1085 1347 1121 jede
1359 1084 1459 1115 weitere
1476 1084 1681 1120 Kasscnleistung
1699 1085 1743 1115 für
1761 1084 1801 1113 die
1816 1083 1877 1120 Zeit
1895 1083 1938 1112 bis

1082 1137 1128 1165 zur
1154 1127 1298 1163 gänzlichen
1317 1126 1444 1161 Zahlung
1473 1133 1524 1154 von
1543 1125 1738 1159 Schadenersatz
1765 1124 1821 1154 und
1842 1123 1936 1156 Straf¬

1083 1169 1149 1204 geld,
1169 1168 1234 1203 ohne
1252 1166 1304 1200 daß
1323 1166 1367 1197 für
1384 1165 1449 1199 diese
1466 1165 1639 1201 Zwischenzeit
1665 1165 1704 1194 die
1723 1163 1937 1198 Beitragspflicht

1083 1208 1198 1243 aukhört.
1234 1207 1287 1237 Die
1307 1205 1491 1240 strafrechtliche
1516 1206 1576 1234 oder
1595 1204 1936 1239 versicherungspolizeiliche

1084 1250 1226 1284 Ahndung,
1245 1247 1322 1281 sowie
1342 1247 1380 1276 die
1401 1245 1616 1279 Bestimmungen
1636 1245 1772 1280 betreffend
1793 1246 1842 1274 den
1862 1245 1935 1273 Aus¬

1084 1289 1168 1323 schluß
1185 1288 1291 1323 (Artikel
1311 1288 1358 1322 39)
1376 1286 1473 1315 bleiben
1492 1285 1684 1320 Vorbehalten".
1719 1286 1746 1315 B
1757 1293 1772 1313 a
1782 1286 1792 1314 l
1803 1285 1818 1314 d
1829 1285 1838 1313 i
1849 1292 1867 1313 n
1878 1292 1893 1318 g
1903 1291 1914 1312 e
1923 1291 1939 1312 r

1085 1329 1178 1364 möchte
1196 1329 1288 1363 sagen:
1317 1326 1473 1363 „vorschützt,
1496 1332 1543 1355 um
1569 1325 1679 1357 dadurch
1697 1325 1936 1359 Kassenleistungen

1085 1377 1116 1404 zu
1135 1369 1282 1398 erwirken".
1320 1368 1410 1401 Schon
1441 1367 1486 1395 der
1503 1365 1612 1399 Versuch
1643 1366 1724 1395 dürste
1754 1366 1814 1399 nach
1835 1364 1936 1398 Ansicht

1087 1411 1133 1438 des
1148 1408 1353 1443 Antragstellers
1371 1407 1530 1442 maßgebend
1548 1406 1610 1441 sein.
1634 1406 1786 1441 Forrer:
1806 1406 1861 1436 Die
1871 1405 1938 1440 For¬

1087 1450 1186 1484 derung
1205 1449 1375 1484 BaldingerS,
1394 1448 1465 1482 schon
1484 1448 1531 1476 den
1551 1446 1645 1480 bloßen
1655 1446 1763 1480 Versuch
1781 1454 1812 1481 zu
1832 1445 1936 1480 strafen,

1086 1490 1149 1524 zieht
1167 1489 1217 1518 das
1236 1487 1540 1523 Dcnunziationssystem
1568 1486 1634 1521 groß
1653 1486 1707 1515 und
1725 1485 1870 1520 degradiert
1888 1485 1937 1514 den

1087 1529 1303 1563 Kasscnvorstand
1333 1536 1363 1563 zu
1389 1528 1470 1557 einem
1488 1526 1635 1561 Kollegium
1659 1534 1710 1555 von
1730 1525 1938 1558 Sittenrichtern.

1089 1570 1234 1604 Baidinger
1265 1569 1323 1603 geht
1352 1569 1389 1597 im
1409 1567 1554 1601 Bestreben,
1586 1568 1629 1595 der
1660 1566 1939 1601 SimulationSgcfahr

1088 1610 1272 1645 oorzubeugen,
1290 1617 1321 1644 zu
1340 1609 1406 1638 weit.
1445 1608 1470 1637 B
1482 1615 1496 1636 a
1507 1608 1517 1636 l
1526 1608 1541 1636 d
1552 1607 1560 1635 i
1570 1615 1588 1635 n
1600 1615 1614 1641 g
1625 1614 1636 1634 c
1647 1614 1660 1635 r
1678 1606 1707 1639 ist
1725 1606 1869 1641 überzeugt,
1887 1605 1939 1639 daß

1089 1659 1115 1680 er
1135 1650 1199 1684 nicht
1225 1658 1256 1685 zu
1275 1650 1334 1679 weit
1361 1649 1429 1683 gehe.
1468 1648 1506 1677 Er
1531 1647 1574 1682 hat
1603 1646 1733 1681 zahlreiche
1753 1647 1939 1681 Erfahrungen

1089 1698 1120 1725 zu
1139 1690 1237 1721 Gebote
1266 1690 1320 1719 und
1338 1689 1412 1722 weiß,
1432 1688 1484 1722 daß
1503 1695 1565 1716 man
1584 1687 1613 1715 in
1633 1686 1709 1719 dieser
1726 1686 1839 1720 Hinsicht
1866 1685 1939 1720 mög¬

1089 1731 1155 1764 lichst
1175 1729 1304 1764 vorsichtig
1324 1729 1375 1763 sein
1394 1729 1451 1762 soll.
1478 1728 1568 1761 Schon
1588 1727 1633 1755 der
1651 1726 1759 1759 Versuch
1776 1726 1825 1759 soll
1843 1726 1940 1759 wenig¬

1090 1770 1158 1802 stens
1177 1770 1315 1804 irgendwie
1334 1769 1459 1803 geahndet
1477 1766 1587 1801 werden.
1611 1766 1755 1801 Forrer
1773 1766 1855 1800 macht
1874 1766 1940 1796 Bal-

1090 1811 1179 1844 dinger
1209 1811 1255 1839 auf
1286 1810 1381 1839 Artikel
1414 1812 1464 1837 183
1494 1807 1674 1840 aufmerksam.
1710 1807 1941 1841 Baldinger:

1092 1851 1161 1880 Was
1180 1850 1214 1883 ich
1232 1850 1376 1884 beantrage,
1395 1849 1454 1883 geht
1472 1848 1582 1882 parallel
1605 1848 1654 1877 mit
1673 1846 1767 1877 Artikel
1787 1850 1847 1877 188.
1883 1846 1941 1876 Der

1091 1892 1194 1925 Antrag
1214 1890 1359 1923 Baldinger
1377 1889 1443 1917 wird
1462 1888 1607 1922 abgelchnt.

1143 1930 1239 1960 Artikel
1259 1933 1292 1958 64
1311 1929 1456 1963 bestimmt:
1477 1928 1585 1963 „Stirbt
1604 1927 1653 1962 ein,
1673 1927 1798 1962 gleichviel
1825 1927 1858 1956 ob
1877 1926 1941 1956 obli¬

1092 1970 1243 2005 gatorisches
1263 1970 1323 1999 oder
1342 1969 1406 1998 voll-
1438 1968 1498 1997 oder
1530 1968 1747 2003 halbvcrsichertes
1779 1967 1940 2001 freiwilliges

1091 2011 1225 2045 Mitglied,
1245 2010 1271 2044 so
1309 2010 1406 2044 bezahlt
1442 2009 1481 2037 die
1510 2008 1583 2042 Kasse
1614 2008 1654 2037 die
1685 2007 1857 2041 ortsüblichen
1889 2007 1941 2037 Be¬

1092 2050 1315 2085 stattungskosten,
1334 2050 1421 2082 soweit
1440 2048 1559 2082 dieselben
1584 2048 1648 2082 nicht
1679 2047 1858 2082 unentgeltlich
1889 2050 1942 2076 aus

1092 2091 1250 2126 öffentlichen
1269 2090 1381 2121 Mitteln
1401 2089 1528 2122 bestritten
1547 2090 1655 2123 werden,
1682 2089 1735 2117 und
1755 2088 1887 2122 höchstens
1904 2087 1942 2116 im

1092 2132 1203 2167 Betrage
1221 2139 1274 2160 von
1293 2130 1396 2165 scchszig
1414 2130 1549 2166 Franken;
1586 2129 1649 2162 diese
1678 2128 1801 2162 nämliche
1821 2127 1941 2161 Leistung

1092 2172 1172 2206 findet
1191 2172 1251 2204 auch
1270 2171 1341 2200 bann
1361 2171 1428 2205 statt,
1447 2178 1522 2199 wenn
1540 2170 1584 2198 der
1603 2168 1772 2202 Verstorbene
1803 2175 1874 2203 zwar
1903 2167 1942 2197 im

1092 2212 1231 2248 Zeitpunkt
1251 2212 1296 2241 des
1314 2211 1401 2241 Todes
1420 2211 1484 2244 nicht
1501 2210 1573 2244 mehr
1604 2208 1730 2243 Mitglied
1761 2216 1828 2243 war,
1858 2207 1942 2242 jedoch

1093 2253 1137 2284 für
1155 2253 1193 2282 die
1211 2252 1355 2286 Krankheit,
1373 2259 1408 2280 an
1428 2251 1472 2280 der
1491 2258 1517 2279 er
1535 2249 1682 2283 verstorben
1699 2248 1739 2283 ist,
1754 2248 1797 2277 bis
1805 2256 1837 2283 zu
1848 2248 1941 2281 seinem

1093 2293 1165 2322 Tode
1201 2292 1329 2326 Anspruch
1360 2292 1406 2322 auf
1441 2290 1680 2324 Kasscnleistungen
1716 2288 1800 2322 besaß.
1838 2289 1891 2317 Die
1914 2288 1943 2317 in

1093 2333 1183 2367 diesem
1219 2332 1315 2362 Artikel
1351 2331 1535 2366 vorgesehenen
1571 2328 1807 2363 Kessenleistungen
1844 2328 1943 2357 können

1092 2374 1175 2402 weder
1210 2372 1326 2406 verwirkt
1362 2372 1422 2405 »och
1459 2371 1508 2400 mit
1526 2369 1775 2404 Gegenansprüchen
1803 2370 1943 2399 verrechnet

1091 2413 1217 2442 werden."
1267 2411 1537 2445 Wullschleger
1570 2410 1722 2444 beantragt:
1764 2408 1880 2444 „Artikel
1909 2412 1943 2437 64

1091 2454 1156 2482 wird
1175 2461 1209 2482 an
1229 2453 1268 2482 die
1285 2452 1459 2486 Kommission
1482 2450 1689 2486 zurückgewiescn
1720 2449 1769 2479 mit
1800 2450 1857 2478 dem
1877 2449 1943 2482 Auf¬

1090 2496 1157 2528 trag,
1176 2501 1207 2528 zu
1224 2492 1317 2526 prüfen
1336 2493 1389 2521 und
1408 2500 1440 2526 zu
1460 2491 1588 2525 berichten,
1608 2490 1641 2519 ob
1660 2489 1724 2523 nicht
1755 2490 1810 2518 eine
1830 2489 1941 2523 Bestim¬

1091 2541 1173 2568 mung
1192 2533 1379 2569 aufzunehmen
1398 2532 1431 2565 sei
1450 2531 1530 2565 dahin
1560 2530 1666 2565 gehend,
1703 2530 1755 2563 daß
1791 2530 1840 2558 den
1871 2529 1942 2559 Kan¬

1092 2576 1170 2603 tonen
1190 2574 1244 2602 und
1268 2572 1439 2606 Gemeinden,
1476 2571 1562 2604 welche
1600 2571 1640 2600 die
1676 2569 1870 2604 unentgeltliche
1889 2570 1942 2599 Be¬

1093 2614 1217 2646 erdigung
1244 2613 1387 2646 eingesührt
1417 2611 1508 2646 haben,
1539 2611 1579 2640 die
1610 2610 1869 2643 Bestattungskosten
1899 2610 1943 2639 für

1094 2653 1234 2686 versicherte
1253 2652 1406 2685 Mitglieder
1432 2659 1483 2680 von
1514 2651 1557 2678 der
1593 2650 1668 2683 Kasse
1698 2650 1812 2683 vergütet
1841 2649 1943 2678 werden

1093 2692 1198 2726 sollen."
1236 2692 1394 2725 Forrer:
1413 2690 1466 2720 Die
1486 2690 1702 2723 Bestimmungen
1721 2696 1774 2717 von
1794 2689 1891 2718 Artikel
1910 2692 1945 2716 64

1094 2733 1150 2765 sind
1169 2731 1234 2766 nicht
1252 2732 1308 2765 sehr
1326 2731 1395 2763 leicht
1412 2738 1444 2764 zu
1463 2730 1599 2764 verstehen.
1636 2730 1694 2758 Der
1722 2730 1826 2762 Antrag
1859 2728 1946 2758 Wnll-

1094 2772 1213 2805 schlcgers
1234 2771 1279 2805 hat
1297 2773 1379 2799 etwas
1399 2771 1443 2801 für
1460 2770 1513 2803 sich.
1550 2770 1683 2802 Trotzdem
1707 2768 1738 2798 ist
1758 2770 1801 2796 der
1820 2768 1946 2800 Entwurf

1094 2811 1280 2845 gerechtfertigt.
1317 2809 1423 2839 Soweit
1443 2809 1481 2837 die
1512 2808 1667 2840 Bestattung
1699 2810 1752 2835 aus
1783 2806 1943 2841 öffentlichen

1093 2851 1205 2881 Mitteln
1224 2850 1351 2884 bestritten
1370 2849 1444 2884 wird,
1462 2848 1527 2877 wird
1552 2847 1605 2876 kein
1637 2846 1870 2880 Bestattungsgeld
1900 2854 1942 2881 ge¬

1094 2891 1180 2925 geben.
1215 2891 1260 2926 Zu
1279 2890 1377 2919 nierken
1395 2889 1426 2922 ist
1445 2889 1491 2919 auf
1510 2889 1556 2917 den
1581 2886 1715 2916 Ausdruck
1733 2886 1865 2921 „soweit".
1900 2887 1942 2916 Es

1093 2932 1124 2965 ist
1142 2931 1223 2966 wahr,
1243 2930 1295 2964 daß
1314 2930 1352 2959 die
1375 2929 1443 2963 Idee
1474 2929 1517 2956 der
1544 2926 1755 2960 unentgeltlichen
1774 2926 1942 2960 Beerdigung

1094 2972 1169 3005 durch
1188 2971 1284 3000 Artikel
1304 2974 1337 2998 64
1355 2970 1419 3003 nicht
1438 2968 1564 3002 gefördert
1582 2967 1656 2996 wird.
1692 2967 1761 2996 Aber
1784 2966 1825 2995 die
1855 2967 1943 3000 gleiche

1095 3011 1238 3042 Gemeinde
1255 3011 1285 3043 ist
1305 3010 1344 3039 die
1362 3008 1520 3042 Grundlage
1538 3008 1585 3037 der
1607 3006 1788 3040 Krankenkasse
1818 3007 1874 3035 und
1903 3006 1945 3035 be¬

1095 3052 1195 3086 schließt
1212 3050 1404 3084 unentgeltliche
1424 3049 1589 3082 Bestattung.
1625 3047 1695 3077 Was
1714 3046 1769 3080 also
1801 3054 1846 3076 am
1872 3046 1945 3076 einen

1097 3092 1153 3121 Ort
1171 3091 1333 3125 ausgegeben
1351 3089 1426 3123 wird,
1449 3088 1514 3117 wird
1544 3095 1588 3117 am
1623 3087 1722 3116 andern
1754 3086 1810 3116 Ort
1841 3087 1946 3121 erspart.

1099 3132 1169 3165 Nach
1188 3132 1244 3160 dem
1264 3132 1365 3165 Antrag
1385 3128 1580 3162 Wullschlegers
1610 3127 1699 3156 würde
1729 3126 1769 3155 die
1800 3128 1946 3161 unentgelt¬

1097 3172 1156 3205 liche
1175 3171 1341 3206 Beerdigung
1360 3169 1504 3204 eingesührt
1523 3168 1565 3198 für
1583 3167 1622 3197 die
1636 3166 1863 3201 Nichtmitglieder,
1881 3167 1946 3198 nicht

1098 3212 1159 3241 aber
1176 3212 1219 3243 für
1251 3212 1289 3241 die
1320 3210 1480 3244 Mitglieder.
1517 3209 1574 3238 Der
1610 3208 1713 3237 Redner
1750 3207 1864 3238 verweist
1899 3207 1947 3238 auf

1098 3252 1193 3282 Artikel
1214 3255 1272 3281 104.
1309 3252 1359 3285 Im
1378 3250 1486 3285 übrigen
1505 3249 1640 3283 beantragt
1658 3255 1684 3277 er
1714 3246 1870 3282 Abweisung
1899 3248 1946 3276 des

1098 3294 1232 3327 Antrages
1252 3291 1440 3326 Wullschleger.

1149 3333 1284 3363 Kinkel
1295 3333 1345 3362 in:
1385 3330 1564 3366 Wullschleger
1601 3328 1658 3359 will
1687 3328 1726 3358 die
1757 3328 1947 3363 unentgeltliche

1098 3373 1264 3408 Beerdigung
1295 3373 1407 3407 fördern,
1427 3372 1487 3401 aber
1513 3379 1539 3400 er
1569 3370 1669 3399 wendet
1687 3369 1751 3403 nicht
1781 3370 1832 3398 das
1850 3369 1947 3403 richtige

1097 3413 1190 3443 Mittel
1220 3420 1265 3441 an.
1302 3413 1405 3442 Gerade
1424 3412 1467 3444 für
1491 3411 1531 3440 die
1550 3409 1718 3443 Versicherten
1750 3409 1779 3441 ist
1798 3409 1838 3438 die
1857 3411 1947 3438 unent¬

1097 3453 1208 3487 geltliche
1227 3453 1394 3487 Beerdigung
1425 3452 1531 3487 wichtig,
1563 3450 1686 3485 während
1706 3449 1886 3484 Wullschleger
1914 3449 1948 3483 sie

1098 3493 1141 3526 für
1160 3492 1222 3526 diese
1242 3492 1373 3527 beseitigen
1393 3492 1457 3521 will.
1493 3492 1550 3521 Der
1569 3491 1675 3521 Redner
1704 3489 1835 3524 empfiehlt
1854 3490 1947 3524 Ableh¬

1099 3541 1173 3568 nung
1192 3535 1238 3562 des
1257 3533 1390 3567 Antrages
1409 3532 1520 3565 Schmid
1539 3532 1616 3566 (Uri).
1636 3530 1763 3564 Nachdem
1783 3530 1877 3559 Artikel
1898 3533 1948 3558 104

1098 3574 1300 3608 ausgenommen
1329 3573 1368 3608 ist,
1388 3573 1505 3607 genügen
1537 3572 1575 3601 die
1595 3571 1809 3605 Bestimmungen
1840 3570 1876 3600 im
1894 3571 1948 3604 In¬

1098 3614 1182 3649 teresse
1201 3614 1245 3644 der
1268 3613 1479 3647 unentgeltlichen
1498 3612 1665 3647 Beerdigung
1693 3611 1857 3645 vollständig.
1892 3611 1950 3640 Der

1100 3655 1205 3685 Redner
1222 3654 1366 3687 unterstützt
1380 3653 1429 3682 den
1440 3654 1542 3687 Antrag
1562 3654 1606 3682 der
1615 3652 1799 3686 Kommission.
1817 3652 1842 3686 H
1854 3651 1861 3679 i
1872 3659 1884 3679 r
1895 3653 1903 3680 t
1913 3659 1924 3680 e
1935 3659 1949 3680 r

1100 3695 1230 3730 empfiehlt
1249 3694 1374 3725 ebenfalls
1394 3694 1443 3723 den
1454 3693 1752 3727 Kommissionsantrag.
1770 3693 1829 3722 Der
1848 3693 1948 3725 Antrag

1102 3736 1281 3770 Wullschleger
1299 3735 1363 3764 wird
1382 3734 1431 3763 mit
1449 3734 1541 3768 großer
1559 3733 1694 3769 Mehrheit
1712 3733 1855 3768 abgelchnt.
1890 3733 1948 3762 Da¬

1102 3777 1150 3807 mit
1168 3776 1223 3810 sind
1243 3775 1337 3806 Artikel
1355 3777 1461 3803 54—66
1481 3774 1595 3808 erledigt.

1153 3816 1294 3851 Forrer
1322 3815 1435 3849 referiert
1464 3815 1527 3844 über
1557 3814 1655 3844 Artikel
1685 3817 1718 3843 67
1744 3814 1797 3844 und
1816 3817 1859 3843 68.
1894 3814 1951 3843 Der

1101 3857 1311 3891 Bundesbeitrag
1330 3856 1360 3886 ist
1380 3863 1433 3885 von
1451 3855 1494 3884 der
1512 3855 1687 3889 Kommission
1710 3855 1822 3889 verkürzt
1840 3854 1952 3884 worden.

1101 3898 1145 3927 An
1166 3897 1251 3927 Stelle
1281 3897 1327 3926 des
1357 3895 1587 3930 Bundesrappens
1617 3895 1663 3927 für
1692 3894 1741 3924 den
1760 3895 1818 3929 Tag
1849 3895 1879 3928 ist
1908 3894 1952 3923 der

1102 3937 1301 3970 BnndcSfünfer
1318 3936 1361 3967 für
1379 3936 1419 3965 die
1439 3936 1529 3970 Woche
1549 3935 1714 3970 gekommen;
1743 3936 1800 3968 doch
1829 3935 1859 3968 ist
1878 3935 1953 3968 dieser

1101 3979 1144 4008 als
1180 3978 1331 4009 Minimum
1366 3977 1506 4013 angesehen
1543 3976 1660 4006 worden.
1708 3977 1804 4006 Artikel
1835 3979 1868 4004 68
1897 3975 1953 4010 sagt

1101 4019 1226 4050 darüber:

1154 4060 1228 4096 „Der
1247 4059 1328 4090 Bund
1348 4058 1446 4094 bezahlt
1463 4057 1506 4087 der
1524 4056 1705 4092 Krankenkasse
1730 4057 1773 4088 für
1800 4057 1870 4092 jedes
1888 4057 1952 4086 obli¬

1101 4100 1234 4136 gatorische
1253 4101 1306 4130 und
1325 4100 1368 4132 für
1386 4099 1456 4135 jedes
1470 4098 1653 4133 schweizerische
1672 4098 1814 4132 freiwillige
1828 4097 1952 4132 Mitglied

1101 4141 1173 4170 einen
1187 4140 1295 4175 Beitrag
1315 4147 1349 4170 an
1368 4139 1407 4169 die
1427 4137 1548 4174 Auflage.
1585 4138 1639 4167 Die
1657 4138 1730 4172 Höhe
1749 4138 1795 4167 des
1815 4137 1952 4171 Beitrages

1100 4182 1166 4211 wird
1185 4180 1326 4217 alljährlich
1345 4180 1381 4209 im
1400 4178 1574 4213 Voranschlag
1595 4181 1641 4208 des
1661 4178 1773 4208 Bundes
1802 4177 1862 4207 oder
1880 4178 1953 4212 durch

1103 4221 1241 4255 besonder»
1261 4221 1384 4256 Beschluß
1415 4220 1460 4249 der
1489 4217 1695 4253 eidgenössischen
1714 4219 1782 4249 Räte
1799 4218 1823 4254 je
1842 4218 1884 4249 für
1901 4219 1952 4249 das

1101 4262 1218 4297 folgende
1249 4262 1321 4296 Jahr
1350 4260 1487 4295 festgesetzt.
1524 4260 1582 4290 Der
1601 4259 1708 4294 Beitrag
1740 4259 1789 4293 soll
1819 4258 1899 4295 jedoch
1930 4259 1953 4294 je

1102 4302 1256 4337 wenigstens
1274 4302 1333 4334 fünf
1351 4302 1462 4336 Rappen
1493 4300 1537 4333 für
1566 4299 1620 4335 jede
1640 4299 1730 4335 Woche
1756 4301 1799 4330 der
1817 4300 1953 4335 Mitglied¬

1101 4342 1176 4377 schaft
1194 4343 1321 4378 betragen.
1358 4343 1416 4372 Der
1435 4341 1593 4372 Bundesrat
1622 4342 1706 4376 erläßt
1737 4342 1784 4373 auf
1814 4340 1871 4371 dem
1889 4341 1953 4371 Ver¬

1102 4384 1310 4419 ordnungswege
1329 4383 1545 4418 Bestimmungen
1572 4382 1636 4412 über
1664 4383 1702 4412 die
1722 4383 1771 4412 Art
1799 4382 1853 4411 und
1873 4381 1954 4416 Weise

1102 4425 1145 4454 der
1155 4424 1321 4460 Berechnung
1340 4425 1395 4455 und
1407 4424 1452 4455 der
1462 4423 1638 4459 Ausrichtung
1648 4422 1694 4453 des
1705 4422 1954 4456 Bundesbeitrages.

1103 4466 1296 4502 Streitigkeiten
1314 4466 1376 4495 über
1395 4465 1444 4496 den
1463 4464 1675 4501 Bundesbeitrag
1693 4463 1794 4494 werden
1813 4463 1886 4497 durch
1905 4464 1953 4493 den

1103 4507 1258 4539 Bundesrat
1275 4506 1451 4542 entschieden."

1159 4550 1216 4579 Der
1235 4549 1356 4580 Referent
1375 4547 1492 4583 erwähnt
1514 4547 1588 4577 einen
1624 4552 1677 4576 von
1707 4544 1829 4579 Greulich
1866 4545 1951 4574 Unter¬

1104 4590 1239 4625 zeichneten
1258 4590 1295 4620 im
1314 4588 1504 4626 „Grütlianer"
1524 4587 1695 4622 erschienenen
1718 4585 1823 4621 Artikel,
1850 4585 1879 4616 in
1896 4586 1954 4615 dem

1105 4630 1226 4664 Greulich
1245 4630 1309 4664 nicht
1327 4630 1418 4664 gerade
1437 4629 1490 4659 eine
1510 4627 1628 4662 Sprache
1654 4627 1734 4663 führt,
1764 4626 1812 4656 wie
1843 4626 1890 4656 wir
1920 4626 1954 4659 sie

1105 4677 1157 4699 von
1176 4670 1259 4700 einem
1277 4669 1478 4705 schweizerischen
1498 4667 1721 4703 Arbeitersekretär
1739 4668 1866 4698 erwarten
1883 4666 1954 4700 dürf¬

1103 4712 1154 4741 ten.
1192 4710 1245 4740 Die
1263 4717 1315 4740 von
1334 4709 1456 4743 Greulich
1475 4708 1616 4743 bestrittene
1635 4708 1825 4744 Behauptung,
1845 4708 1895 4742 daß
1915 4708 1954 4737 die

1103 4751 1284 4786 Versicherung
1302 4752 1417 4787 600,000
1435 4748 1569 4785 Personen
1588 4748 1715 4782 umfassen
1735 4751 1827 4784 werde,
1848 4749 1900 4785 hält
1910 4749 1954 4779 der

1104 4792 1208 4823 Redner
1226 4791 1344 4827 aufrecht.
1380 4790 1433 4822 Die
1452 4797 1505 4820 von
1532 4790 1581 4820 den
1611 4789 1835 4824 Mathematikern
1866 4790 1953 4825 aufge¬

1104 4834 1200 4869 stellten
1217 4833 1321 4870 Zahlen
1339 4833 1384 4868 hat
1402 4830 1524 4865 Greulich
1541 4828 1618 4864 falsch
1641 4829 1777 4864 aufgefaßt
1806 4831 1862 4860 und
1881 4831 1952 4860 dann

1104 4875 1186 4905 damit
1204 4874 1387 4911 nachzuweisen
1406 4872 1524 4908 versucht,
1543 4871 1595 4906 daß
1614 4870 1658 4899 der
1676 4870 1799 4903 Referent
1829 4870 1876 4905 sich
1904 4878 1952 4901 um

1104 4916 1157 4946 drei
1185 4915 1330 4947 Millionen
1360 4915 1439 4950 geirrt
1469 4913 1540 4949 habe.
1577 4911 1698 4946 Greulich
1729 4910 1796 4944 stellt
1826 4911 1873 4946 sich
1902 4913 1951 4941 den

1103 4957 1201 4992 Herren
1219 4964 1264 4987 am
1287 4956 1387 4992 grünen
1417 4954 1496 4991 Tisch,
1533 4954 1557 4983 d.
1578 4953 1602 4988 h.
1622 4953 1670 4983 den
1700 4951 1874 4986 Mitgliedern
1903 4952 1951 4982 des

1102 4998 1199 5034 Rates,
1217 4997 1368 5033 gegenüber.
1404 4996 1474 5027 Aber
1491 4994 1552 5030 auch
1571 4993 1621 5024 wir
1637 4992 1694 5028 sind
1718 4995 1770 5023 aus
1798 4992 1857 5022 dem
1884 4993 1951 5023 Volk

1103 5039 1343 5074 hervorgegangen;
1361 5038 1410 5068 wir
1429 5036 1485 5071 sind
1512 5036 1541 5065 in
1577 5034 1708 5069 denselben
1740 5033 1950 5069 Lebensverhält¬

1102 5080 1183 5114 nissen
1201 5080 1249 5110 wie
1267 5079 1397 5115 Greulich,
1417 5079 1471 5108 und
1490 5077 1538 5107 wie
1557 5076 1653 5106 kennen
1673 5075 1711 5104 die
1730 5075 1893 5110 Bedürfnisse
1903 5075 1950 5104 des

1101 5120 1197 5150 Volkes
1214 5120 1243 5154 so
1262 5123 1309 5155 gut
1326 5121 1375 5150 wie
1393 5117 1524 5152 Greulich.
1562 5117 1619 5147 Der
1647 5115 1870 5150 Arbeitersekretär
1886 5115 1950 5151 sagt,

1100 5160 1139 5192 die
1159 5161 1400 5197 Bundesfinanzen,
1419 5160 1468 5190 mit
1485 5159 1566 5188 denen
1594 5157 1663 5192 sonst
1697 5157 1788 5192 Luxus
1824 5156 1951 5192 getrieben

1100 5201 1192 5238 werde,
1209 5201 1274 5236 seien
1294 5202 1337 5236 für
1354 5201 1394 5231 die
1414 5200 1469 5231 Not
1488 5200 1534 5229 des
1553 5198 1650 5229 Volkes
1662 5206 1693 5234 zu
1705 5197 1810 5233 schwach
1830 5197 1950 5233 gewesen.

1099 5243 1152 5276 Im
1170 5243 1272 5278 eigenen
1291 5242 1416 5278 Interesse
1436 5241 1505 5276 thäte
1524 5239 1646 5273 Greulich
1672 5241 1718 5274 gut
1749 5239 1842 5275 daran,
1873 5238 1951 5274 solche

1099 5284 1240 5314 Vorwürke
1258 5284 1323 5319 nicht
1340 5291 1371 5319 zu
1389 5282 1504 5319 erheben.
1541 5281 1600 5310 Der
1612 5279 1736 5312 Referent
1748 5280 1878 5316 bestreitet,
1897 5279 1949 5313 daß

1099 5331 1162 5355 man
1182 5325 1254 5360 heute
1272 5325 1299 5354 in
1318 5324 1362 5355 der
1381 5321 1576 5359 Sozialreforin
1603 5320 1758 5357 zurückgehe,
1796 5328 1861 5351 man
1888 5320 1950 5357 gehe

1983 1081 2115 1111 vorwärts
2142 1081 2198 1111 und
2230 1081 2292 1116 habe
2330 1081 2377 1110 den
2409 1080 2544 1110 Arbeitern
2573 1079 2640 1113 nicht
2668 1085 2831 1114 genommen,

1983 1124 2045 1151 waS
2063 1129 2124 1151 man
2143 1122 2222 1155 ihnen
2253 1121 2345 1156 vorher
2376 1120 2493 1156 gegeben.
2535 1120 2559 1150 E
2569 1128 2582 1149 o
2590 1128 2618 1149 m
2627 1122 2638 1149 t
2648 1127 2659 1148 e
2668 1120 2678 1153 s
2688 1120 2698 1153 s
2708 1127 2721 1148 e
2749 1120 2831 1153 macht

1984 1162 2080 1194 darauf
2097 1161 2274 1196 ausmerksam»
2312 1161 2363 1194 daß
2400 1161 2440 1189 die
2476 1160 2751 1193 Bundesverwaltung
2782 1160 2832 1187 den

1985 1202 2195 1237 Bundesbeitrag
2215 1202 2275 1235 nach
2296 1200 2419 1232 Belieben
2439 1200 2548 1235 erhöhen
2566 1200 2654 1233 könne,
2684 1200 2772 1233 sobald
2792 1199 2832 1227 die

1984 1242 2117 1277 Finanzen
2135 1246 2165 1271 es
2184 1242 2316 1271 erlauben.
2353 1242 2404 1275 Im
2424 1241 2549 1275 Interesse
2571 1241 2615 1270 der
2642 1240 2721 1272 freien
2739 1239 2832 1274 Kassen

1984 1282 2124 1318 protestiert
2142 1290 2170 1311 er
2188 1290 2267 1317 gegen
2285 1282 2325 1311 die
2345 1281 2555 1315 Ausführungen
2573 1280 2721 1314 GreulichS.

2040 1323 2304 1357 Vogelsanger
2342 1322 2475 1355 beantragt
2513 1321 2757 1355 Wieveraufnahme
2785 1320 2832 1349 des

1985 1364 2223 1398 Bundesrappens.
2243 1363 2294 1392 Ein
2315 1361 2403 1396 bessere
2423 1361 2614 1395 Ausgleichung
2633 1362 2675 1390 der
2694 1360 2783 1393 Lasten
2803 1360 2834 1394 ist

1985 1403 2140 1437 notwendig.
2180 1404 2221 1432 Es
2241 1402 2271 1435 ist
2295 1402 2355 1431 aber
2385 1401 2539 1436 unniöglich,
2570 1402 2619 1431 den
2651 1400 2833 1435 Arbeitgebern

1985 1444 2092 1478 größere
2111 1443 2233 1477 Beiträge
2251 1443 2439 1477 aufzuerlegen.
2475 1442 2535 1471 Rur
2554 1441 2629 1473 durch
2652 1441 2833 1477 Vermehrung

1985 1485 2034 1513 des
2053 1484 2292 1517 BundcsbeitrageS
2312 1483 2379 1512 kann
2397 1482 2517 1517 geholfen
2547 1482 2657 1511 werden.
2693 1481 2746 1511 Die
2776 1481 2834 1510 An¬

1985 1525 2081 1559 nahme
2099 1524 2181 1557 seines
2201 1525 2334 1557 Antrages
2354 1523 2442 1552 würde
2467 1523 2522 1551 eine
2552 1522 2750 1557 Mehrausgabe
2780 1529 2834 1550 von

1986 1567 2101 1599 624,000
2119 1564 2164 1597 Fr.
2181 1571 2229 1598 zur
2246 1563 2327 1598 Folge
2347 1563 2439 1597 haben.
2458 1562 2602 1595 Schmid
2621 1562 2692 1596 (Uri)
2703 1561 2835 1596 empfiehlt

1986 1605 2037 1634 den
2056 1605 2155 1638 Antrag
2179 1603 2364 1639 Vogelfänger,
2395 1604 2430 1632 da
2460 1602 2526 1635 seine
2557 1602 2760 1636 Durchführung
2786 1602 2835 1632 mit

1986 1645 2066 1679 Hülfe
2084 1644 2126 1673 der
2145 1644 2352 1678 gegenwärtigen
2370 1643 2504 1679 Finanzen
2524 1643 2568 1672 des
2588 1643 2701 1673 Bundes
2726 1642 2833 1676 möglich

1986 1685 2028 1718 ist.
2061 1685 2115 1714 Der
2133 1685 2238 1714 Redner
2257 1684 2388 1718 befürchtet
2407 1684 2470 1719 sehr,
2500 1684 2552 1717 daß
2570 1691 2605 1712 an
2625 1683 2734 1716 einzelne
2762 1683 2835 1713 Kan¬

1986 1728 2049 1754 tone
2067 1724 2209 1759 Ansprüche
2228 1724 2323 1759 gestellt
2341 1724 2456 1759 würden,
2474 1723 2556 1753 denen
2573 1723 2608 1756 sie
2627 1723 2690 1758 nicht
2718 1723 2835 1757 genügen

1987 1764 2096 1795 können.
2125 1766 2176 1798 Im
2195 1764 2321 1799 Interesse
2340 1765 2384 1793 der
2411 1765 2514 1793 ärincrn
2545 1764 2664 1794 Kantone
2694 1764 2748 1792 und
2780 1763 2834 1793 Ge¬

1988 1805 2107 1834 meinden
2126 1805 2234 1839 begrüßt
2252 1813 2278 1835 er
2297 1805 2351 1834 eine
2362 1804 2507 1839 Erhöhung
2527 1804 2572 1833 des
2583 1804 2834 1836 Bundcsbeitrages.

1987 1846 2119 1879 Meyer
2137 1845 2282 1879 unterstützt
2301 1845 2427 1876 ebenfalls
2447 1846 2494 1873 den
2520 1845 2622 1879 Antrag
2650 1844 2834 1878 Vogelfänger.

1988 1887 2029 1916 Er
2047 1886 2101 1915 will
2119 1886 2166 1915 mit
2184 1886 2292 1919 Schmid
2313 1890 2388 1914 unter
2407 1885 2447 1914 die
2464 1883 2641 1920 Föderalisten
2670 1885 2748 1919 gehen
2779 1886 2834 1913 und

1988 1927 2039 1955 den
2067 1927 2167 1959 Antrag
2198 1926 2280 1955 damit
2311 1925 2467 1960 begründen,
2495 1925 2547 1959 daß
2576 1925 2618 1953 die
2647 1924 2764 1955 Kantone
2796 1924 2835 1953 die

1988 1965 2279 2001 Krankenversicherung
2307 1966 2427 2001 besorgen
2458 1966 2511 1996 und
2546 1965 2628 1994 damit
2658 1965 2697 1995 die
2727 1965 2836 2001 Defizite

2046 2047 2265 2077 Decurtins
2283 2047 2378 2081 findet,
2420 2047 2473 2080 baß
2494 2046 2617 2079 Greulich
2637 2046 2665 2076 in
2683 2047 2768 2078 einem
2789 2056 2833 2079 ru¬

1988 2087 2068 2122 higen
2086 2088 2146 2118 Ton
2167 2088 2323 2123 geschrieben
2342 2088 2418 2121 habe.
2440 2088 2479 2116 Er
2497 2087 2555 2121 hält
2567 2089 2618 2117 mit
2638 2088 2695 2118 dem
2714 2089 2837 2122 Hinweis

1989 2129 2040 2162 ans
2057 2128 2108 2158 das
2127 2128 2425 2165 Parlamentsgebäude
2451 2127 2491 2157 die
2514 2127 2693 2163 Behauptung
2713 2129 2834 2164 aufrecht,

1989 2175 2056 2197 man
2076 2168 2154 2198 treibe
2174 2169 2264 2203 Luxus
2284 2169 2322 2198 im
2343 2168 2441 2198 Lande.
2480 2167 2635 2201 Schließlich
2654 2168 2792 2205 verteidigt
2811 2177 2837 2199 er

1989 2209 2033 2238 die
2051 2209 2320 2244 Sozialdemokratie,
2362 2209 2430 2243 ohne
2466 2208 2507 2237 die
2538 2209 2587 2237 wir
2609 2208 2691 2238 weder
2710 2210 2767 2239 eine
2786 2210 2838 2240 Ar-

1991 2250 2250 2285 bciterschutzgebung
2269 2249 2332 2282 noch
2352 2249 2409 2278 eine
2429 2248 2613 2284 Versicherung
2645 2249 2744 2284 hätten.
2780 2250 2838 2280 Der

1991 2290 2193 2326 Klassenkampf,
2235 2292 2282 2320 den
2317 2290 2357 2318 die
2377 2289 2637 2324 Sozialdemokratie
2655 2290 2834 2326 proklamiere,

1991 2331 2075 2360 werde
2094 2332 2153 2363 auch
2174 2338 2228 2360 von
2248 2331 2296 2360 den
2327 2330 2524 2364 konservativen
2557 2330 2836 2360 Nationalökonomen

1990 2373 2037 2400 als
2056 2371 2188 2407 berechtigt
2208 2370 2360 2406 angesehen.
2399 2370 2536 2404 Rossel
2572 2370 2719 2405 begründet
2755 2372 2834 2400 einen

1990 2412 2191 2442 vermittelnden
2212 2412 2327 2447 Antrag,
2351 2411 2452 2443 wonach
2472 2411 2516 2439 der
2530 2410 2642 2444 Beitrag
2654 2411 2701 2440 des
2718 2409 2835 2440 Bundes

1991 2452 2146 2488 wenigstens
2166 2452 2242 2482 einen
2261 2452 2372 2486 Rappen
2393 2452 2437 2486 für
2455 2453 2503 2482 den
2535 2451 2679 2485 Arbeislag
2711 2451 2834 2486 betragen

1990 2493 2061 2526 solle.
2094 2492 2192 2522 Damit
2214 2492 2278 2522 wird
2299 2492 2482 2527 abgebrochen.
2521 2492 2638 2528 Morgen
2656 2491 2835 2521 Krankenver¬

1989 2533 2128 2570 sicherung.
2150 2532 2255 2568 Schluß
2274 2535 2325 2568 l'/t
2345 2534 2410 2568 Uhr.

2312 2586 2549 2617 Stänberat.

2462 2643 2493 2673 □
2514 2639 2633 2672 Bern.
2655 2641 2697 2668 24.
2719 2640 2799 2673 Juni.

2049 2684 2227 2715 Naschein
2258 2684 2407 2719 Präsidien.
2447 2684 2765 2719 Eisenbahnriilkkanf
2797 2684 2840 2719 Zu

1993 2725 2055 2754 Art.
2077 2728 2091 2752 2
2112 2725 2277 2759 Fortsetzung
2296 2724 2416 2759 ergreiftt
2448 2724 2548 2758 Wirz
2583 2725 2637 2753 das
2672 2724 2759 2753 Wort.
2782 2724 2841 2753 Der

1992 2764 2104 2798 Passus,
2127 2764 2168 2792 die
2187 2764 2479 2799 Bundesgesehgcbung
2518 2764 2552 2796 sei
2578 2763 2625 2798 für
2644 2763 2692 2792 den
2710 2762 2840 2797 Rückkauf

1990 2803 2161 2838 maßgebend,
2185 2803 2251 2837 habe
2269 2804 2339 2832 keine
2358 2804 2461 2832 weitere
2480 2803 2647 2838 Bedeutung.
2669 2803 2726 2832 Die
2738 2802 2837 2836 Gesetze

1988 2843 2056 2877 seien
2074 2843 2177 2877 sowieso
2188 2851 2221 2875 zu
2231 2843 2357 2876 beachten.
2379 2843 2465 2872 Dann
2485 2843 2547 2872 aber
2560 2843 2651 2872 kämen
2663 2842 2691 2877 ja
2711 2842 2750 2872 die
2762 2842 2836 2872 Kon¬

1988 2883 2114 2917 zessionen
2133 2883 2163 2912 in
2182 2883 2275 2918 Frage,
2299 2883 2340 2912 die
2359 2883 2434 2916 durch
2453 2883 2551 2917 spätere
2564 2883 2663 2917 Gesetze
2681 2882 2750 2915 nicht
2768 2883 2835 2911 altes

1990 2923 2054 2953 ricrt
2074 2923 2173 2952 werden
2191 2922 2316 2957 könnten.
2354 2923 2556 2957 Hofsmann
2574 2923 2642 2956 zieht
2660 2923 2744 2957 seinen
2765 2923 2830 2958 gest¬

1990 2963 2065 2998 rigen
2085 2963 2191 2998 Antrag
2210 2963 2302 2998 zurück,
2325 2962 2359 2992 da
2378 2963 2431 2992 das
2449 2963 2696 2993 Uebereinkommen
2716 2963 2764 2992 mit
2784 2963 2834 2992 den

1991 3002 2163 3037 Vereinigten
2181 3002 2433 3036 Schweizerbahnen
2450 3003 2495 3034 für
2527 3004 2574 3032 den
2594 3003 2676 3032 Bund
2697 3004 2835 3034 rechtsver¬

1992 3042 2103 3074 bindlich
2122 3042 2164 3075 ist.
2194 3042 2273 3071 Von
2293 3041 2364 3076 Arx
2382 3042 2502 3077 bemerkt,
2525 3049 2552 3071 er
2568 3042 2643 3076 hätte
2661 3042 2711 3071 den
2732 3043 2837 3079 Antrag

1993 3081 2128 3112 Leumann
2148 3088 2203 3111 von
2222 3082 2266 3115 sich
2286 3084 2340 3111 aus
2358 3081 2428 3115 nicht
2445 3081 2587 3117 adoptiert.
2628 3081 2783 3117 Allerdings
2801 3084 2838 3116 sei

1993 3130 2022 3151 er
2041 3122 2125 3158 dafür,
2149 3122 2195 3151 der
2214 3122 2297 3152 Bund
2316 3122 2390 3154 sollte
2409 3129 2494 3157 genau
2513 3122 2600 3157 sagen,
2637 3122 2726 3155 welche
2742 3123 2839 3152 Unter¬

1993 3163 2160 3198 nehmungen
2179 3170 2207 3192 er
2227 3163 2357 3192 erwerben
2377 3162 2444 3192 will.
2483 3162 2531 3192 Da
2551 3162 2636 3198 Zemp
2661 3163 2711 3191 den
2731 3162 2837 3198 Antrag

1993 3211 2197 3239 angenommen,
2221 3203 2247 3236 so
2268 3203 2369 3235 sträube
2389 3211 2415 3233 er
2435 3203 2479 3236 sich
2500 3203 2560 3235 auch
2580 3204 2657 3235 nicht.
2688 3202 2781 3239 Gegen
2800 3203 2843 3233 die

1993 3244 2182 3277 Nordostbahn
2214 3244 2274 3278 darf
2293 3244 2337 3274 der
2357 3243 2441 3273 Bund
2460 3243 2528 3276 nicht
2563 3243 2716 3279 nachgeben.
2754 3244 2838 3274 Denn

1993 3284 2029 3313 da
2051 3285 2137 3315 würde
2159 3285 2185 3318 ja
2207 3284 2247 3313 die
2265 3284 2346 3317 Bahn
2367 3285 2411 3319 für
2431 3284 2483 3318 ihre
2502 3284 2631 3319 Renitenz
2650 3284 2773 3319 geradezu
2799 3285 2841 3314 be¬

1992 3324 2080 3359 lohnt.
2113 3325 2168 3354 Die
2187 3325 2288 3354 andern
2309 3325 2424 3358 Bahnen
2445 3324 2528 3359 haben
2560 3324 2615 3358 ihre
2651 3325 2840 3360 Konzessionen

1993 3366 2056 3398 auch
2076 3366 2318 3401 zusammengelegt.
2357 3365 2430 3395 Man
2461 3365 2537 3400 möge
2556 3364 2608 3395 das
2629 3365 2734 3395 Lemina
2754 3369 2769 3393 2
2791 3366 2839 3395 des

1993 3406 2055 3436 Art.
2076 3409 2102 3436 2.
2124 3407 2223 3436 darum
2243 3406 2361 3442 belassen,
2403 3406 2450 3435 wie
2478 3408 2508 3434 es
2528 3405 2647 3440 existiert.
2686 3406 2839 3441 Eingehend

1994 3447 2088 3476 erklärt
2108 3454 2142 3482 er,
2178 3447 2233 3481 daß
2251 3447 2377 3478 natürlich
2398 3446 2449 3476 bas
2467 3446 2702 3482 Rechnnngsgesetz
2722 3446 2840 3476 Anwen¬

1994 3487 2068 3522 dung
2085 3488 2177 3520 finden
2211 3488 2302 3517 werde.
2343 3487 2397 3517 Die
2436 3487 2643 3522 schweizerischen
2680 3487 2842 3522 Grundsätze

1995 3528 2138 3563 verlangen
2158 3529 2212 3562 hier
2232 3536 2297 3564 ganz
2329 3534 2428 3563 genaue
2447 3527 2666 3562 Stipulationen.
2702 3528 2759 3558 Mit
2792 3528 2842 3558 den

1994 3568 2189 3604 Reservefonds
2209 3570 2263 3598 und
2283 3569 2334 3598 den
2359 3568 2635 3604 Erneuerungsfonds
2670 3569 2704 3601 ist
2737 3569 2792 3603 also
2812 3577 2844 3604 zu

1995 3610 2110 3642 rechnen.
2150 3610 2285 3641 Scherb
2305 3608 2456 3643 unterstützt
2475 3609 2518 3638 die
2537 3609 2650 3645 Ansicht,
2692 3610 2743 3639 das
2763 3610 2844 3642 Rech-

1996 3650 2163 3685 nungsgesctz
2182 3650 2254 3683 finde
2285 3649 2341 3679 eine
2360 3649 2543 3685 zwangsweise
2561 3649 2739 3686 Anwendung
2765 3651 2842 3682 nicht.

1996 3690 2063 3721 Das
2082 3690 2290 3725 Bnndesgericht
2309 3690 2444 3724 entscheide
2462 3690 2599 3725 souverän,
2642 3692 2669 3719 es
2702 3691 2736 3722 sei
2775 3692 2844 3724 nicht

1996 3738 2051 3760 von
2071 3731 2227 3764 vornherein
2247 3730 2380 3766 gebunden
2401 3738 2437 3760 an
2456 3730 2507 3759 das
2521 3729 2761 3766 R-chnungsgesetz.
2786 3732 2845 3761 Wir

1997 3771 2081 3805 stehen
2100 3772 2148 3805 auf
2167 3771 2227 3801 dem
2247 3771 2435 3806 Rechtsboden,
2458 3771 2507 3800 wir
2522 3771 2617 3800 wollen
2631 3778 2681 3801 nur
2702 3772 2761 3807 das,
2785 3774 2844 3802 was

1997 3812 2039 3841 die
2058 3812 2247 3848 Konzessionen
2266 3812 2351 3847 sagen.
2392 3811 2478 3844 Sache
2507 3811 2552 3842 der
2569 3811 2674 3844 Richter
2714 3813 2742 3844 ist
2764 3815 2795 3842 es
2814 3820 2844 3847 zu

1997 3852 2127 3888 befinden,
2152 3853 2184 3883 ob
2204 3853 2256 3882 das
2274 3852 2507 3888 Rechnnngsgesetz
2544 3852 2681 3886 innerhalb
2702 3852 2749 3882 des
2769 3852 2845 3887 Rah¬

1998 3896 2076 3922 mens
2096 3894 2140 3922 der
2159 3894 2314 3929 Konzession
2332 3893 2501 3929 angewendet
2532 3892 2636 3922 werden
2667 3893 2745 3923 kann.
2787 3894 2844 3924 Der

1998 3933 2102 3967 Richter
2119 3934 2174 3969 hat,
2212 3941 2287 3963 wenn
2306 3942 2333 3964 er
2352 3934 2494 3969 angerusen
2516 3933 2589 3969 wird,
2632 3933 2667 3963 im
2689 3934 2784 3964 Sinne
2802 3935 2847 3964 der

1997 3974 2184 4009 Konzessionen
2205 3982 2236 4010 zu
2255 3973 2419 4009 entscheiden.
2458 3973 2616 4008 Python
2642 3974 2750 4009 zeichnet
2771 3975 2844 4009 noch¬

1999 4015 2072 4044 mals
2092 4015 2177 4049 seinen
2197 4014 2376 4049 Standpunkt
2396 4014 2451 4044 und
2481 4015 2548 4049 zieht
2585 4021 2639 4044 nur
2658 4014 2707 4044 den
2727 4014 2786 4045 Teil
2803 4023 2846 4050 zu¬

1998 4054 2061 4090 rück,
2084 4056 2127 4085 der
2148 4055 2310 4091 Streichung
2328 4057 2371 4085 der
2392 4055 2484 4086 Worte
2523 4055 2578 4091 „die
2619 4054 2840 4091 Bestimmungen

1999 4095 2045 4124 der
2065 4096 2377 4133 Bundesgesehgcbung"
2417 4096 2533 4129 bezweckt
2568 4096 2621 4125 mit
2657 4096 2781 4130 Hinweis
2800 4097 2847 4132 auf

1999 4135 2051 4165 das
2070 4136 2173 4167 Votum
2194 4137 2322 4172 Scherbs.
2343 4137 2413 4170 Auch
2433 4137 2531 4171 Wirz
2550 4137 2611 4170 läßt
2630 4137 2715 4169 leinen
2734 4137 2842 4172 Antrag

1999 4177 2136 4214 deswegen
2157 4179 2250 4213 fallen.
2270 4178 2294 4213 I
2304 4181 2320 4207 s
2331 4178 2341 4208 l
2351 4186 2362 4207 e
2380 4186 2393 4207 r
2409 4178 2463 4208 will
2482 4177 2659 4213 Aufklärung,
2683 4178 2731 4207 wie
2750 4180 2781 4207 es
2801 4178 2846 4213 sich

1999 4218 2070 4248 beim
2088 4219 2218 4254 Rückkauf
2237 4220 2282 4249 des
2302 4219 2441 4253 Gotthard
2460 4219 2510 4248 mit
2547 4218 2597 4248 den
2635 4218 2846 4249 Subventionen

2000 4260 2121 4296 verhalte,
2146 4261 2236 4294 welche
2255 4260 2353 4295 Gesetze
2374 4260 2431 4289 und
2462 4259 2698 4295 Vereinbarungen
2719 4259 2751 4289 da
2772 4260 2847 4295 maß¬

2000 4301 2098 4336 gebend
2117 4301 2195 4335 seien.
2217 4301 2275 4336 Für
2294 4301 2336 4331 die
2355 4300 2535 4336 Anwendung
2563 4300 2612 4330 des
2642 4300 2844 4336 Rechnungsge-

2000 4341 2072 4376 setzes
2093 4343 2194 4375 stimmt
2213 4350 2240 4372 er
2258 4342 2358 4376 Scherb
2378 4349 2419 4377 zu.
2451 4341 2508 4375 Aus
2536 4340 2694 4378 Grundlage
2714 4341 2756 4371 der
2775 4341 2847 4371 Kon¬

2001 4382 2126 4417 zessionen
2146 4383 2244 4413 wollen
2263 4383 2313 4412 wir
2349 4382 2553 4417 verstaatlichen.
2593 4382 2649 4413 Die
2686 4380 2846 4417 Rückkaufs¬

2001 4422 2113 4457 klauseln
2132 4423 2177 4454 der
2197 4423 2385 4459 Konzessionen
2404 4423 2486 4455 sollen
2524 4422 2602 4456 durch
2639 4422 2720 4458 dieses
2756 4423 2843 4459 Gesetz

2000 4463 2069 4497 nicht
2088 4464 2214 4500 geändert
2234 4465 2344 4501 werden,
2367 4465 2423 4494 und
2442 4466 2471 4494 es
2490 4464 2550 4499 thut
2569 4467 2601 4493 es
2620 4464 2679 4498 auch
2699 4464 2775 4501 nicht,
2799 4466 2847 4496 wie

1999 4506 2057 4534 uns
2076 4504 2167 4538 soeben
2184 4506 2241 4537 klar
2253 4506 2394 4542 mitgeteilt
2408 4505 2514 4536 worden
2533 4505 2573 4538 ist.
2594 4504 2675 4535 Von
2700 4505 2774 4541 Arx
2793 4513 2848 4537 ver¬

2000 4545 2058 4579 liest
2076 4546 2161 4583 einige
2179 4546 2260 4583 Sätze
2279 4549 2333 4578 aus
2351 4547 2410 4577 dem
2448 4546 2598 4579 Gutachten
2632 4545 2675 4576 der
2693 4545 2847 4581 juristischen

2001 4585 2237 4623 Subkommission
2256 4588 2300 4618 der
2319 4587 2458 4624 Experten,
2499 4589 2552 4617 aus
2578 4587 2661 4618 denen
2679 4587 2843 4626 hervorgeht,

2000 4626 2055 4661 daß
2074 4629 2134 4662 auch
2154 4629 2200 4660 der
2219 4628 2349 4664 Rückkauf
2368 4630 2416 4660 des
2447 4628 2583 4662 Gotthard
2616 4628 2765 4664 vorgesehen
2805 4629 2846 4663 ist.

2001 4667 2055 4698 Die
2074 4669 2205 4707 Verträge
2225 4671 2376 4704 bestimmen
2395 4670 2448 4701 das
2477 4670 2585 4707 Nötige.
2626 4669 2680 4700 Die
2718 4669 2847 4701 Aktions¬

1999 4708 2102 4744 freiheit
2120 4711 2170 4742 des
2208 4711 2322 4742 Bundes
2340 4712 2371 4747 ist
2410 4711 2538 4747 gewahrt.
2577 4710 2634 4740 Die
2661 4710 2846 4747 auswärtigen

1999 4749 2240 4788 Vertragsstaaten
2259 4753 2344 4787 haben
2364 4754 2426 4786 nach
2457 4753 2503 4783 der
2533 4751 2758 4788 Verstaatlichung
2789 4753 2847 4783 laut

2000 4790 2049 4821 des
2058 4791 2206 4830 Vertrages
2220 4794 2308 4825 keinen
2321 4793 2436 4828 Einfluß
2446 4792 2519 4828 mehr
2532 4792 2695 4826 auszuüben.
2718 4792 2846 4822 Bundes¬

1998 4833 2043 4869 rat
2077 4833 2190 4869 Zemp
2227 4835 2333 4869 ergänzt
2369 4834 2436 4868 diese
2465 4833 2664 4869 Bemerkungen
2697 4840 2742 4863 um
2763 4833 2846 4868 Ist»

1998 4880 2030 4907 zu
2049 4872 2201 4911 beruhigen,
2224 4874 2277 4909 daß
2296 4875 2341 4905 der
2361 4874 2520 4906 Bundesrat
2551 4874 2602 4905 mit
2640 4873 2698 4904 dem
2717 4873 2844 4903 Ausland

1998 4914 2050 4944 das
2069 4914 2167 4952 Nötige
2186 4916 2258 4950 schon
2276 4916 2307 4947 in
2327 4916 2377 4947 den
2397 4915 2546 4951 Verträgen
2582 4914 2737 4951 vorgesehen
2768 4914 2844 4949 habe.

2051 4955 2095 4990 In
2113 4956 2158 4986 der
2177 4957 2442 4993 Abstimmung
2477 4955 2622 4992 unterliegt
2655 4955 2703 4985 der
2739 4954 2847 4991 Antrag

1997 4994 2144 5031 Berthoud,
2167 5005 2222 5028 nur
2240 4998 2351 5034 einzelne
2380 4997 2494 5031 Bahnen
2514 5004 2544 5032 zu
2574 4996 2715 5032 erwerben,
2753 4995 2847 5031 ebenso

1997 5035 2043 5066 der
2053 5036 2159 5074 Antrag
2170 5038 2291 5075 Python,
2306 5039 2346 5068 die
2356 5039 2486 5073 badischen
2500 5037 2641 5073 Bahnhöfe
2654 5035 2847 5072 einzubeziehen

1997 5077 2052 5106 und
2073 5078 2138 5113 nicht
2158 5087 2212 5110 nur
2248 5079 2288 5109 die
2308 5080 2345 5110 im
2384 5079 2492 5110 Betrieb
2530 5078 2663 5113 stehenden
2701 5077 2794 5108 Linien
2813 5085 2844 5112 zu

1997 5117 2100 5153 kaufen.
2139 5120 2199 5151 Der
2217 5120 2324 5157 Antrag
2342 5120 2489 5155 Leumann,
2531 5120 2574 5150 der
2611 5118 2693 5149 Bund
2725 5118 2844 5148 könne

1997 5159 2156 5191 unrentable
2174 5161 2268 5192 Linien
2288 5161 2454 5197 ausnehmen
2475 5161 2539 5194 statt
2558 5167 2603 5197 „er
2623 5167 2646 5189 w
2656 5167 2668 5189 e
2680 5167 2693 5189 r
2703 5158 2720 5188 d
2731 5158 2760 5188 e"
2789 5158 2846 5188 dies

1995 5199 2073 5236 thun,
2114 5201 2181 5231 wird
2202 5209 2408 5238 angenommen.
2447 5201 2513 5232 Das
2544 5208 2624 5238 ganze
2641 5200 2668 5236 so
2687 5198 2846 5231 amendierte

1996 5238 2092 5270 Alinea
2112 5243 2128 5269 2
2149 5242 2217 5272 wird
2237 5250 2314 5278 gegen
2334 5242 2384 5273 den
2416 5241 2700 5278 Streichungsantrag
2734 5239 2845 5276 Python

1996 5279 2167 5316 beibehalten.
2209 5282 2314 5319 Ebenso
2332 5282 2432 5316 Alinea
2450 5282 2508 5314 drei
2543 5282 2571 5313 in
2600 5282 2645 5313 der
2662 5280 2784 5319 Fassung
2802 5280 2846 5311 der

1994 5320 2183 5359 Kommission.

2929 1078 2992 1109 Art.
3014 1082 3031 1107 3
3052 1078 3121 1115 glcbt
3138 1078 3199 1108 dem
3219 1077 3302 1107 Bund
3322 1077 3362 1107 die
3383 1076 3515 1111 Befugnis
3553 1075 3614 1108 auch
3634 1074 3724 1105 Betei¬

2876 1118 3002 1154 ligungen
3023 1127 3058 1148 an
3076 1119 3311 1154 Nebengeschäflen
3330 1118 3386 1148 und
3414 1115 3611 1150 Nebenbahnen
3630 1122 3660 1150 zu
3679 1122 3720 1145 er¬

2877 1159 2989 1189 werben.
3030 1160 3110 1188 Von
3138 1160 3213 1194 Arx
3236 1159 3352 1193 referiert
3372 1158 3427 1188 und
3444 1157 3517 1192 zeigt,
3539 1156 3593 1190 daß
3630 1155 3724 1191 gerade

2878 1200 2942 1229 viele
2960 1199 3209 1234 Bctriebsverträge
3227 1199 3350 1234 bestehen,
3391 1198 3432 1227 die
3462 1198 3506 1226 der
3537 1196 3622 1226 Bund
3661 1197 3723 1229 auch

2878 1240 3054 1273 übernehmen
3073 1240 3129 1275 soll,
3151 1239 3301 1274 allerdings
3319 1246 3372 1268 nur
3391 1238 3439 1273 die,
3469 1237 3511 1267 die
3529 1244 3577 1266 vor
3596 1236 3655 1266 dem
3677 1239 3723 1266 31.

2879 1280 3023 1314 Dezember
3060 1283 3129 1308 1896
3148 1278 3330 1316 abgeschlossen
3367 1278 3485 1308 wurden.
3523 1276 3617 1312 Gegen
3654 1276 3722 1310 diese

2877 1320 2971 1354 letztere
2991 1320 3203 1355 Einschränkung
3223 1321 3322 1349 wendet
3341 1318 3389 1353 sich
3425 1317 3604 1353 Python,
3627 1315 3727 1351 daraus

2879 1360 3044 1396 hinweisend,
3067 1361 3129 1396 daß,
3145 1362 3235 1390 wollte
3247 1360 3292 1391 der
3305 1359 3390 1390 Bund
3405 1359 3431 1388 in
3448 1358 3533 1393 später
3554 1356 3719 1387 vereinbarte

2878 1401 3126 1436 Bctriebsverträge
3155 1402 3294 1435 eintreten,
3332 1407 3359 1429 er
3390 1400 3440 1429 das
3460 1406 3507 1433 gar
3525 1397 3593 1431 nicht
3613 1397 3718 1427 könnte.

2879 1441 2921 1471 Es
2939 1442 3004 1476 liege
3024 1449 3075 1471 nur
3095 1442 3136 1470 ein
3155 1440 3235 1473 Recht
3252 1440 3308 1469 und
3327 1439 3396 1469 keine
3414 1438 3510 1473 Pflicht
3540 1438 3588 1467 des
3608 1437 3723 1466 Bunde»

2879 1490 2935 1512 vor.
2966 1482 3049 1511 Von
3068 1481 3141 1516 Arx
3160 1481 3261 1513 stimmt
3283 1480 3394 1516 Python
3414 1487 3451 1514 zu.
3491 1478 3549 1508 Der
3569 1477 3634 1511 Satz
3653 1476 3721 1506 wird

2879 1522 3023 1558 gestrichen,
3062 1521 3166 1555 worauf
3186 1521 3366 1555 Scherrer
3404 1518 3522 1554 bemerkt,
3563 1518 3637 1547 dann
3657 1516 3724 1550 habe

2879 1563 2924 1591 der
2942 1569 3023 1597 ganze
3042 1568 3106 1591 neue
3124 1561 3225 1591 Artikel
3243 1561 3331 1590 keinen
3361 1559 3444 1595 Wert,
3485 1559 3519 1587 da
3551 1558 3603 1588 das
3633 1557 3729 1592 übrige

2880 1602 2950 1635 schon
2970 1603 2999 1632 in
3018 1601 3076 1631 Art.
3100 1606 3113 1629 i
3134 1601 3197 1635 Abs.
3219 1604 3234 1628 2
3255 1600 3329 1635 siche.
3367 1599 3528 1634 Python
3565 1598 3596 1632 ist
3616 1597 3727 1627 anderer

2879 1643 2992 1676 Ansicht.
3016 1642 3105 1676 Durch
3124 1642 3175 1671 den
3194 1640 3294 1672 Artikel
3316 1641 3398 1670 werde
3416 1640 3483 1673 nicht
3511 1646 3565 1668 nur
3592 1638 3623 1667 in
3643 1637 3725 1672 allge¬

2880 1684 2979 1712 meiner
2998 1682 3088 1718 Weise,
3122 1682 3234 1717 sondern
3253 1680 3426 1713 ausdrücklich
3456 1680 3514 1709 dem
3552 1677 3635 1708 Bund
3673 1677 3726 1706 bas

2880 1723 2958 1756 Recht
2979 1723 3142 1758 zugewiesen,
3166 1722 3235 1756 nicht
3271 1729 3325 1752 nur
3359 1719 3574 1756 Nebengeschäfte
3613 1717 3725 1751 sondcrn

2880 1765 2940 1796 auch
2959 1763 3207 1798 Bctriebsverträge
3225 1770 3254 1798 zu
3275 1761 3415 1797 erwerben.
3438 1761 3551 1797 Zemp
3572 1759 3723 1793 unterstützt

2880 1804 3006 1837 Scherrer
3024 1804 3071 1839 auf
3089 1803 3251 1839 Streichung
3264 1803 3312 1832 des
3326 1802 3450 1832 Artikels.
3472 1801 3553 1832 Von
3572 1799 3648 1834 Arx
3670 1798 3727 1828 will

2880 1845 2958 1875 direkt
2978 1845 3064 1879 sagen,
3104 1845 3149 1874 der
3169 1844 3251 1874 Bund
3270 1844 3306 1877 sei
3325 1844 3414 1879 befugt
3443 1843 3493 1871 den
3526 1840 3635 1871 Betrieb
3673 1846 3726 1868 von

2881 1885 3075 1919 Nebenbahnen
3095 1892 3126 1920 zu
3144 1884 3330 1919 übernehmen.
3351 1884 3430 1917 Dazu
3445 1883 3544 1916 stimmt
3556 1880 3643 1915 Wirz;
3662 1878 3727 1908 über

2881 1926 2921 1955 die
2940 1926 3102 1961 Plazierung
3132 1925 3180 1954 des
3199 1925 3317 1955 Artikels
3354 1924 3423 1953 wird
3460 1923 3546 1958 später
3581 1920 3724 1955 bestimmt.

2881 1966 2959 1997 Diese
2979 1973 3045 1996 neue
3063 1965 3184 2000 Fassung
3205 1966 3272 1994 wird
3292 1970 3497 2000 angenommen.

2935 2006 2998 2035 Art.
3015 2009 3032 2033 4
3045 2005 3236 2041 (ursprünglich
3256 2006 3287 2040 3)
3308 2006 3407 2034 lautet:
3426 2003 3528 2039 „Wenn
3549 2002 3577 2031 in
3590 2001 3635 2030 der
3647 2000 3731 2036 Folge

2884 2046 2981 2076 andere
3001 2045 3166 2080 Bahnlinien
3205 2045 3286 2079 außer
3322 2045 3373 2074 den
3411 2044 3438 2073 in
3457 2044 3517 2074 Art.
3541 2046 3557 2071 2
3576 2044 3730 2078 genannten

2883 2095 2945 2118 vom
2966 2086 3063 2116 Bunde
3083 2086 3220 2116 erworben
3238 2086 3300 2115 oder
3319 2093 3396 2115 wenn
3416 2092 3467 2114 von
3480 2084 3533 2119 ihm
3555 2090 3619 2112 neue
3638 2081 3731 2111 Linien

2884 2128 2980 2162 gebaut
3000 2127 3102 2156 werden
3134 2127 3226 2161 sollen,
3266 2126 3294 2159 so
3325 2127 3354 2158 ist
3377 2125 3491 2160 jewcilcn
3510 2124 3553 2153 ein
3573 2122 3731 2157 bezügliches

2885 2168 3072 2202 Bundesgcsetz
3091 2174 3121 2200 zu
3141 2166 3283 2200 erlassen."
3303 2166 3385 2196 Von
3409 2165 3482 2200 Arx
3500 2165 3598 2198 betont,
3619 2162 3730 2194 dadurch

2886 2208 2969 2237 werde
2989 2207 3342 2242 Eiscnbahnexperimenten,
3385 2206 3423 2234 die
3455 2207 3483 2234 in
3513 2202 3729 2235 abenteuerlicher

2884 2249 2966 2282 Weise
3003 2255 3212 2283 vorgcnommen
3248 2248 3351 2277 werden
3396 2247 3518 2280 könnten,
3561 2243 3728 2279 vorgebeugt.

2884 2289 2911 2318 R
2922 2290 2930 2318 i
2941 2292 2951 2319 t
2963 2289 2972 2320 s
2983 2289 3007 2320 S
3019 2297 3034 2318 a
3045 2297 3057 2318 r
3067 2290 3083 2316 d
3103 2288 3158 2317 will
3179 2288 3304 2323 einfügen
3332 2287 3411 2323 „oder
3429 2287 3473 2316 der
3494 2284 3577 2315 Bund
3596 2284 3646 2313 den
3666 2283 3731 2312 Bau

2883 2336 2935 2359 von
2955 2329 3052 2362 solchen
3070 2328 3210 2363 finanziell
3229 2328 3403 2362 unterstützen
3440 2326 3525 2355 will."
3565 2323 3605 2353 Er
3623 2323 3730 2356 möchte,

2882 2370 2934 2402 daß
2953 2370 3033 2401 solche
3052 2368 3304 2402 Bundesbeschlüsse
3335 2369 3396 2396 dem
3425 2364 3604 2400 Reserendum
3643 2365 3733 2392 unter¬

2882 2410 2983 2443 worfen
3003 2409 3056 2442 sein
3087 2409 3170 2442 sollen
3209 2409 3304 2444 gemäß
3340 2408 3404 2438 Art.
3425 2409 3458 2434 89
3478 2406 3522 2434 der
3562 2403 3733 2434 Bundesver¬

2882 2451 2998 2484 fassung.
3033 2449 3091 2479 Der
3123 2448 3232 2478 Redner
3250 2447 3355 2483 glaubt,
3397 2447 3457 2479 nach
3478 2446 3573 2480 seinem
3592 2444 3733 2479 Vorschlag

2883 2490 2998 2520 könnten
3019 2490 3079 2521 auch
3100 2497 3175 2518 arme
3195 2488 3338 2523 Gegenden
3358 2494 3391 2522 zu
3409 2487 3476 2520 ihrer
3496 2486 3576 2517 Bahn
3598 2486 3729 2518 kommen,

2884 2531 2920 2560 da
2939 2532 2970 2558 cs
2990 2529 3116 2565 Aufgabe
3135 2530 3184 2558 des
3204 2529 3318 2559 Bundes
3337 2528 3380 2563 sei,
3404 2528 3430 2557 In
3445 2524 3734 2559 volkswirtschaftlicher

2884 2571 3017 2605 Richtung
3037 2570 3089 2603 sein
3109 2569 3283 2605 Möglichstes
3303 2576 3332 2604 zu
3351 2568 3427 2604 thun,
3451 2574 3496 2596 um
3514 2573 3609 2595 armen
3628 2565 3734 2599 Gegen¬

2884 2612 2933 2641 den
2952 2620 3013 2646 zum
3027 2610 3182 2643 Aufblühen
3201 2617 3231 2644 zu
3251 2609 3391 2643 verhelfen.
3414 2608 3483 2637 Aber
3502 2607 3564 2639 auch
3579 2605 3733 2640 produktive

2886 2652 3030 2686 Gegenden
3048 2651 3187 2683 bedürften
3207 2651 3251 2679 der
3270 2649 3377 2684 Zufuhr
3397 2648 3450 2677 und
3470 2647 3583 2681 Abfuhr.
3626 2646 3680 2675 Die
3701 2645 3734 2678 fi¬

2887 2693 3015 2727 nanzielle
3035 2691 3234 2725 Unterstützung
3251 2697 3305 2719 von
3324 2690 3405 2723 seiten
3423 2688 3471 2717 des
3501 2687 3616 2716 Bundes
3650 2686 3733 2714 werde

2887 2733 2943 2761 dem
2967 2731 3054 2761 Lande
3074 2731 3172 2766 großen
3194 2730 3291 2764 Nutzen
3311 2729 3457 2764 gewähren.
3497 2727 3553 2757 Bis
3587 2727 3642 2761 jetzt
3670 2725 3734 2759 habe

2886 2773 2930 2801 der
2948 2771 3033 2801 Bund
3051 2771 3114 2802 noch
3133 2770 3219 2799 nichts
3237 2769 3333 2805 gcthan
3352 2769 3383 2797 in
3403 2769 3446 2797 der
3476 2766 3661 2800 Unerstützung
3690 2765 3734 2795 der

2884 2812 2982 2841 kleinen
3002 2810 3131 2844 Bahnen;
3168 2810 3236 2839 alles
3255 2809 3290 2843 sei
3321 2808 3371 2837 den
3408 2808 3548 2837 Kantonen
3585 2806 3731 2838 überlassen

2884 2851 3001 2881 woidcn.
3024 2851 3088 2880 Das
3108 2849 3268 2885 vorwürfige
3288 2849 3373 2883 Gesetz
3388 2848 3441 2883 sehe
3455 2847 3514 2879 auch
3527 2847 3597 2876 keine
3615 2846 3732 2880 Leistun¬

2882 2899 2931 2927 gen
2949 2892 3000 2921 des
3019 2890 3134 2921 Bundes
3153 2897 3212 2924 vor,
3251 2898 3279 2919 er
3315 2889 3385 2923 zahle
3403 2896 3454 2918 nur
3490 2888 3539 2917 den
3575 2886 3649 2916 Wert
3686 2887 3731 2916 der

2882 2932 3013 2967 Bahnen;
3044 2931 3124 2965 daher
3141 2930 3225 2960 könne
3243 2930 3291 2964 sich
3311 2930 3354 2958 der
3374 2928 3456 2959 Bund
3474 2936 3539 2963 ganz
3559 2930 3607 2963 gut
3626 2927 3671 2959 für
3689 2927 3731 2957 die

2882 2971 3079 3005 Nebenbahnen
3098 2971 3263 3007 engagieren.
3297 2970 3434 3002 Nitschard
3456 2969 3510 2998 will
3542 2968 3649 2998 formell
3686 2968 3731 2999 für

2881 3013 2958 3047 solche
2977 3011 3164 3047 Maßnahmen
3185 3011 3251 3043 nicht
3271 3010 3480 3045 Bundesgesetze,
3522 3008 3635 3042 sondern
3675 3015 3728 3038 nur

2883 3053 3027 3087 Beschlüsse
3045 3052 3216 3087 allgemeiner
3233 3051 3334 3086 Natur,
3376 3050 3417 3080 die
3453 3049 3510 3079 dem
3548 3048 3729 3080 Referendum

2885 3094 3062 3128 unterliegen;
3091 3092 3159 3127 sonst
3181 3091 3278 3125 erhalte
3298 3098 3361 3120 man
3381 3097 3412 3125 zu
3430 3090 3494 3120 viele
3511 3088 3725 3124 Bundesgesetze.

2888 3133 2951 3164 Sch
2963 3140 3078 3162 eurer
3114 3132 3171 3162 will
3209 3132 3249 3161 die
3279 3130 3475 3166 Nebenbahnen
3494 3132 3546 3160 aus
3566 3129 3615 3159 den
3634 3128 3729 3158 Ueber«

2889 3173 2998 3208 schössen
3029 3173 3072 3203 der
3102 3171 3392 3207 Betriebsrechnungen
3426 3170 3589 3200 alimentiert
3625 3170 3727 3204 wisse«.

2890 3213 2942 3244 Sie
2961 3213 3043 3248 sollen
3063 3212 3133 3246 nebst
3152 3213 3204 3242 den
3222 3211 3406 3248 vorgesehenen
3434 3210 3652 3245 Bestimmungen
3684 3216 3730 3244 zur

2888 3254 3074 3289 Erweiterung
3092 3253 3140 3283 des
3160 3252 3365 3288 schweizerischen
3385 3251 3546 3285 Bahnnetzes
3584 3250 3732 3280 verwendet

2889 3295 3001 3325 werden.
3041 3294 3103 3323 Den
3123 3293 3230 3328 Antrag
3248 3292 3395 3328 Nitschard,
3434 3291 3479 3321 der
3498 3290 3564 3324 diese
3584 3290 3733 3325 finanzielle

2887 3335 3082 3369 Unterstützung
3101 3341 3171 3368 zwar
3191 3333 3336 3367 prinzipiell
3368 3332 3535 3367 ermöglichen
3556 3331 3619 3365 will,
3655 3330 3729 3363 lehnt

2887 3383 2914 3404 er
2932 3374 2974 3410 ab,
2998 3374 3082 3404 damit
3102 3380 3166 3403 man
3187 3373 3254 3405 nicht
3273 3372 3392 3407 jcweilen
3410 3372 3485 3401 einen
3506 3370 3635 3404 Beschluß
3656 3370 3732 3405 nötig

2886 3415 2957 3451 habe,
2982 3422 3059 3444 wenn
3078 3421 3141 3444 man
3162 3413 3206 3443 ein
3225 3412 3417 3446 Unternehmen
3454 3411 3622 3443 unterstützen
3660 3410 3727 3440 will.

2887 3455 2948 3485 Von
2968 3454 3123 3488 vornherein
3144 3454 3195 3488 soll
3223 3453 3263 3483 die
3276 3452 3437 3487 Möglichkeit
3470 3452 3513 3480 der
3526 3449 3726 3485 Unterstützung

2888 3496 2921 3524 da
2941 3495 3005 3529 sein.
3026 3495 3095 3526 Auch
3113 3494 3196 3523 Von
3218 3494 3291 3528 Arx
3310 3493 3381 3526 lehnt
3398 3492 3446 3521 den
3465 3491 3570 3526 Antrag
3588 3490 3728 3525 Nitschard

2890 3536 2931 3571 ab,
2955 3536 3015 3565 weil
3035 3533 3353 3568 Subventionsbegehren
3373 3533 3416 3564 für
3453 3539 3518 3563 neue
3557 3530 3646 3561 Linien
3677 3530 3728 3560 wie

2890 3576 2964 3610 Pilze
2984 3578 3038 3605 aus
3056 3576 3114 3605 dem
3132 3575 3228 3605 Boden
3247 3574 3371 3607 wüchsen.
3410 3572 3463 3603 Die
3482 3579 3560 3608 ganze
3578 3570 3727 3606 finanzielle

2891 3617 2956 3652 Lage
2978 3616 3066 3646 würde
3085 3615 3219 3651 gefährdet
3238 3615 3295 3645 und
3314 3616 3343 3644 es
3365 3613 3470 3643 würden
3506 3614 3641 3648 deswegen
3671 3611 3730 3641 dem

2891 3658 2978 3692 Gesetz
3010 3657 3156 3691 anderseits
3188 3655 3295 3691 Gegner
3329 3655 3478 3689 erwachsen.
3517 3653 3590 3684 Dem
3626 3652 3733 3689 Antrag

2892 3698 3023 3733 Scheurer
3042 3697 3104 3732 steht
3135 3697 3182 3725 der
3214 3696 3337 3731 Referent
3375 3694 3540 3731 sympathisch
3577 3693 3731 3730 gegenüber.

2892 3738 2930 3768 Er
2951 3738 3018 3767 wird
3038 3738 3092 3767 eine
3112 3737 3206 3771 Zierde
3223 3736 3267 3765 der
3301 3735 3417 3771 Vorlage
3457 3734 3516 3767 sein.
3556 3734 3735 3764 Kellers-

2892 3779 2908 3808 b
2919 3787 2930 3808 e
2940 3786 2953 3807 r
2965 3787 2981 3813 g
2992 3786 3003 3807 e
3014 3786 3028 3808 r
3058 3778 3102 3808 als
3121 3776 3363 3811 Mituuterzeichner
3383 3777 3428 3805 des
3448 3775 3583 3810 Antrages
3603 3774 3734 3806 Scheurer

2892 3819 2992 3853 betont,
3035 3818 3136 3853 obwohl
3155 3818 3204 3847 der
3221 3817 3325 3853 Antrag
3344 3825 3375 3851 zu
3394 3816 3453 3846 Art.
3476 3819 3491 3843 6
3509 3815 3609 3850 gehöre,
3650 3814 3733 3844 könne

2893 3868 2920 3889 er
2939 3860 3000 3892 doch
3020 3859 3111 3894 gerade
3124 3860 3178 3893 jetzt
3192 3858 3262 3892 schon
3276 3857 3423 3892 besprochen
3436 3856 3548 3886 werden.
3570 3855 3623 3885 Die
3637 3855 3733 3884 Unter¬

2893 3900 3007 3936 stützung
3026 3900 3069 3929 der
3088 3899 3285 3933 Nebenbahnen
3304 3901 3356 3928 aus
3376 3898 3423 3927 den
3437 3895 3732 3929 Betriebsübcrschüssen

2892 3941 2936 3970 der
2956 3939 3179 3974 Bundesbahnen
3201 3940 3266 3969 wird
3287 3940 3360 3969 eines
3379 3940 3468 3968 lauten
3503 3936 3619 3971 Beifalls
3657 3935 3732 3969 sicher

2892 3982 2955 4016 sei».
2978 3981 3038 4011 Wir
3058 3982 3153 4011 wollen
3173 3979 3201 4015 ja
3221 3980 3290 4009 keine
3308 3980 3402 4010 Quote
3421 3982 3490 4014 extra
3509 3977 3650 4012 aufstellen,
3672 3976 3732 4010 son¬

2893 4023 2957 4052 dern
2978 4022 3059 4051 neben
3079 4021 3123 4051 der
3142 4021 3378 4056 Taxermäßigung
3398 4028 3427 4050 rc.
3452 4018 3582 4053 wünschen
3609 4017 3657 4047 wir
3676 4024 3732 4046 nun

2893 4063 2954 4096 auch
2975 4062 3216 4098 Berücksichtigung
3234 4062 3279 4091 der
3309 4061 3408 4091 kleinen
3425 4059 3585 4096 Interessen,
3625 4058 3666 4088 die
3691 4065 3733 4092 zu¬

2894 4107 3012 4138 sammen
3032 4103 3073 4133 ein
3092 4103 3190 4138 großes
3226 4101 3324 4132 Gebiet
3361 4101 3527 4135 beherrschen.
3566 4098 3653 4129 Wenn
3692 4099 3733 4128 die

2893 4143 3090 4179 Nebenbahnen
3108 4142 3230 4177 Aussicht
3260 4142 3309 4176 aus
3344 4141 3541 4177 Unterstützung
3577 4139 3669 4175 haben,
3709 4139 3736 4174 so

2894 4185 2997 4215 werden
3016 4185 3076 4216 auch
3097 4184 3129 4217 sie
3147 4184 3208 4214 dem
3227 4183 3326 4219 großen
3344 4182 3500 4213 nationalen
3529 4180 3673 4211 Gedanken
3692 4180 3736 4210 der

2893 4224 3121 4260 Verstaatlichung
3139 4223 3303 4256 beistimmen
3320 4222 3433 4254 können.
3468 4223 3525 4253 Der
3544 4221 3649 4252 Redner
3669 4221 3737 4255 stellt

2894 4266 2951 4295 dem
2971 4265 3084 4301 Verkehr
3103 4265 3147 4295 der
3167 4264 3390 4298 Bundesbahnen
3425 4263 3468 4294 ein
3503 4264 3581 4299 gutes
3611 4261 3738 4299 Progno-

2894 4306 2986 4343 stikon.
3008 4306 3049 4337 Es
3070 4307 3174 4337 werden
3193 4305 3367 4341 Ueberschüsse
3389 4305 3472 4343 erzielt
3493 4304 3603 4340 werden,
3627 4304 3683 4334 und
3703 4304 3737 4333 da

2894 4355 2959 4377 man
2979 4347 3014 4381 sie
3034 4348 3094 4381 nach
3113 4347 3174 4378 dem
3211 4347 3337 4382 Entwurf
3376 4347 3419 4378 der
3454 4344 3656 4382 Allgemeinheit
3692 4352 3737 4380 zu¬

2894 4388 3016 4419 kommen
3034 4388 3116 4423 lassen
3136 4388 3203 4425 will,
3234 4388 3261 4422 so
3299 4389 3380 4422 sollen
3399 4388 3438 4417 die
3456 4387 3659 4421 Nebenbahnen,
3694 4385 3738 4416 die

2895 4429 3025 4462 weitesten
3043 4429 3340 4467 Bevölkerungskreisen
3360 4428 3462 4466 dienen,
3500 4428 3561 4463 auch
3597 4425 3737 4462 besonders

2895 4474 3015 4509 genannt
3037 4471 3147 4502 werden.

2946 4512 3141 4547 Nitschard
3160 4512 3277 4548 benierkt,
3296 4512 3338 4543 der
3358 4510 3488 4547 Endzweck
3504 4510 3587 4545 seine?
3606 4510 3739 4543 Antrages

2895 4552 2995 4587 stimme
3021 4553 3049 4588 ja
3076 4553 3207 4588 eigentlich
3224 4553 3327 4584 überein
3352 4553 3401 4583 mit
3419 4553 3474 4582 dem
3493 4551 3645 4585 Schcurers.
3682 4549 3736 4580 De«

2895 4593 3027 4630 Einwurf,
3045 4593 3096 4627 sein
3116 4595 3219 4629 Antrag
3241 4593 3375 4629 engagiere
3394 4593 3431 4623 die
3450 4589 3691 4627 Eidgenossenschaft
3708 4597 3740 4625 zu

2895 4634 2951 4669 sehr
2970 4634 3026 4665 und
3044 4635 3107 4668 aufs
3126 4634 3295 4669 Geratewohl
3314 4635 3369 4671 hin,
3387 4634 3515 4667 widerlegt
3533 4640 3560 4662 er
3572 4631 3626 4662 und
3638 4630 3740 4662 erklärt»

2895 4682 2971 4704 wenn
3000 4674 3056 4705 dies
3079 4675 3187 4711 zuträfe,
3213 4675 3302 4705 würde
3328 4682 3355 4704 er
3382 4674 3426 4710 ihn
3446 4673 3508 4707 nicht
3535 4672 3630 4708 gestellt
3649 4671 3740 4707 haben.

2895 4715 2963 4746 Aber
2983 4723 3010 4746 er
3028 4715 3126 4752 glaubt,
3154 4716 3286 4751 finanziell
3312 4716 3396 4746 werde
3421 4722 3483 4745 man
3509 4713 3555 4748 sich
3579 4713 3607 4742 in
3625 4711 3692 4742 keine
3709 4719 3741 4747 zu

2895 4756 2994 4791 großen
3014 4756 3209 4791 Engagements
3227 4756 3358 4791 verlieren,
3378 4756 3416 4785 die
3432 4753 3600 4790 thatsächliche
3612 4752 3741 4788 Möglich¬

2894 4797 2939 4826 keit
2958 4798 3003 4826 der
3023 4797 3215 4832 Unterstützung
3239 4797 3328 4826 würde
3346 4796 3466 4831 Grenzen
3483 4795 3575 4830 ziehen.
3611 4793 3649 4823 Er
3676 4792 3743 4827 stellt

2895 4837 2939 4873 sich
2959 4844 3017 4873 vor,
3035 4845 3098 4867 man
3125 4838 3215 4867 würde
3233 4837 3317 4867 daran
3335 4837 3377 4867 ein
3396 4836 3559 4871 allgemeines
3578 4833 3740 4865 Subventio¬

2895 4878 3095 4913 nierungsgesetz
3126 4879 3171 4912 für
3198 4878 3388 4914 Nebenbahnen
3417 4876 3580 4912 anschließen,
3610 4875 3660 4905 das
3688 4876 3742 4905 ent¬

2895 4918 3038 4953 sprechende
3056 4919 3184 4950 Kautelen
3203 4919 3331 4954 enthalten
3349 4917 3446 4953 müßte.
3481 4916 3550 4951 Nach
3568 4916 3625 4946 dem
3639 4916 3741 4950 Antrag

2896 4959 3042 4993 Scheurers
3059 4960 3094 4994 sei
3112 4959 3150 4989 die
3162 4959 3355 4995 Unterstützung
3374 4961 3455 4990 etwas
3467 4956 3664 4993 problematisch.
3684 4956 3743 4986 Wie

2895 5000 2944 5029 viel
2963 5000 3008 5030 der
3027 5000 3142 5031 Gewinn
3162 5000 3281 5036 betragen
3294 5001 3385 5036 werde,
3403 4999 3481 5029 könne
3498 5006 3561 5028 man
3580 4997 3644 5032 nicht
3656 4996 3740 5032 sagen.

2894 5041 2997 5076 Zudem
3029 5041 3135 5076 niüßten
3168 5041 3207 5071 die
3236 5041 3402 5076 disponiblen
3426 5043 3460 5069 80
3478 5040 3591 5075 Prozent
3620 5037 3681 5072 noch
3710 5044 3743 5072 zu

2894 5086 2994 5111 andern
3014 5081 3121 5116 Dingen
3139 5082 3185 5112 als
3204 5082 3245 5115 für
3264 5082 3304 5112 die
3316 5081 3504 5117 Nebenbahnen
3523 5078 3666 5109 verwendet
3678 5084 3743 5107 wer¬

2895 5122 2952 5152 den.
2991 5122 3044 5152 Die
3063 5122 3177 5157 Bahnen
3196 5122 3289 5158 gingen
3308 5122 3355 5157 erst
3377 5125 3440 5151 1903
3460 5129 3494 5151 an
3512 5121 3561 5150 den
3572 5119 3653 5150 Bund
3672 5118 3743 5149 über.

2895 5162 2949 5193 Bis
2978 5162 3058 5198 dahin
3086 5163 3149 5199 habe
3178 5170 3240 5192 man
3267 5163 3354 5192 keinen
3374 5160 3636 5196 Betriebsüberschuß.
3673 5159 3743 5192 Nach

2893 5202 2988 5237 seinem
3008 5204 3109 5239 Antrag
3135 5203 3228 5233 könnte
3254 5204 3300 5233 der
3317 5203 3400 5234 Bund
3422 5203 3493 5239 schon
3510 5202 3540 5232 in
3558 5201 3667 5235 nächster
3684 5199 3744 5235 Zell

2893 5251 2926 5279 zu
2943 5244 3059 5275 bauende
3069 5244 3260 5280 Nebenbahnen
3274 5244 3406 5280 finanziell
3417 5242 3591 5278 unterstützen.
3609 5240 3742 5276 Nitschard

2893 5284 3012 5319 erwähnt
3039 5285 3174 5320 nochmals
3202 5285 3248 5316 den
3269 5285 3366 5320 Nutzen
3393 5284 3436 5315 der
3463 5282 3661 5317 Nebenbahnen.
3703 5280 3742 5312 Er

2886 5320 3020 5357 empfiehlt
3045 5321 3085 5351 die
3103 5321 3228 5358 Anträge,
3255 5321 3288 5357 sei
3314 5324 3344 5352 es
3363 5321 3411 5352 den
3438 5320 3550 5357 eigenen,
3579 5319 3614 5355 sei
3639 5320 3670 5349 es
3688 5317 3737 5348 den
